%YAML 1.1
%TAG !u! tag:unity3d.com,2011:
--- !u!29 &1
SceneSettings:
  m_ObjectHideFlags: 0
  m_PVSData: 
  m_PVSObjectsArray: []
  m_PVSPortalsArray: []
  m_OcclusionBakeSettings:
    smallestOccluder: 5
    smallestHole: 0.25
    backfaceThreshold: 100
--- !u!104 &2
RenderSettings:
  m_ObjectHideFlags: 0
  serializedVersion: 7
  m_Fog: 0
  m_FogColor: {r: 0.5, g: 0.5, b: 0.5, a: 1}
  m_FogMode: 3
  m_FogDensity: 0.01
  m_LinearFogStart: 0
  m_LinearFogEnd: 300
  m_AmbientSkyColor: {r: 0.212, g: 0.227, b: 0.259, a: 1}
  m_AmbientEquatorColor: {r: 0.114, g: 0.125, b: 0.133, a: 1}
  m_AmbientGroundColor: {r: 0.047, g: 0.043, b: 0.035, a: 1}
  m_AmbientIntensity: 1
  m_AmbientMode: 0
  m_SkyboxMaterial: {fileID: 10304, guid: 0000000000000000f000000000000000, type: 0}
  m_HaloStrength: 0.5
  m_FlareStrength: 1
  m_FlareFadeSpeed: 3
  m_HaloTexture: {fileID: 0}
  m_SpotCookie: {fileID: 10001, guid: 0000000000000000e000000000000000, type: 0}
  m_DefaultReflectionMode: 0
  m_DefaultReflectionResolution: 128
  m_ReflectionBounces: 1
  m_ReflectionIntensity: 1
  m_CustomReflection: {fileID: 0}
  m_Sun: {fileID: 0}
  m_IndirectSpecularColor: {r: 0.44692492, g: 0.4967869, b: 0.57508546, a: 1}
--- !u!157 &3
LightmapSettings:
  m_ObjectHideFlags: 0
  serializedVersion: 7
  m_GIWorkflowMode: 0
  m_GISettings:
    serializedVersion: 2
    m_BounceScale: 1
    m_IndirectOutputScale: 1
    m_AlbedoBoost: 1
    m_TemporalCoherenceThreshold: 1
    m_EnvironmentLightingMode: 0
    m_EnableBakedLightmaps: 1
    m_EnableRealtimeLightmaps: 1
  m_LightmapEditorSettings:
    serializedVersion: 4
    m_Resolution: 2
    m_BakeResolution: 40
    m_TextureWidth: 1024
    m_TextureHeight: 1024
    m_AO: 1
    m_AOMaxDistance: 1
    m_CompAOExponent: 1
    m_CompAOExponentDirect: 0
    m_Padding: 2
    m_LightmapParameters: {fileID: 0}
    m_LightmapsBakeMode: 1
    m_TextureCompression: 1
    m_DirectLightInLightProbes: 1
    m_FinalGather: 0
    m_FinalGatherFiltering: 1
    m_FinalGatherRayCount: 256
    m_ReflectionCompression: 2
  m_LightingDataAsset: {fileID: 0}
  m_RuntimeCPUUsage: 25
--- !u!196 &4
NavMeshSettings:
  serializedVersion: 2
  m_ObjectHideFlags: 0
  m_BuildSettings:
    serializedVersion: 2
    agentRadius: 0.5
    agentHeight: 2
    agentSlope: 45
    agentClimb: 0.4
    ledgeDropHeight: 0
    maxJumpAcrossDistance: 0
    accuratePlacement: 0
    minRegionArea: 2
    cellSize: 0.16666667
    manualCellSize: 0
  m_NavMeshData: {fileID: 0}
--- !u!1001 &44672229
Prefab:
  m_ObjectHideFlags: 0
  serializedVersion: 2
  m_Modification:
    m_TransformParent: {fileID: 637343452}
    m_Modifications:
    - target: {fileID: 4000012023539014, guid: ce20da5d356853d49ae44571caa5d3e0, type: 2}
      propertyPath: m_LocalPosition.x
      value: 0.22361703
      objectReference: {fileID: 0}
    - target: {fileID: 4000012023539014, guid: ce20da5d356853d49ae44571caa5d3e0, type: 2}
      propertyPath: m_LocalPosition.y
      value: 0.04829787
      objectReference: {fileID: 0}
    - target: {fileID: 4000012023539014, guid: ce20da5d356853d49ae44571caa5d3e0, type: 2}
      propertyPath: m_LocalPosition.z
      value: -0.71957433
      objectReference: {fileID: 0}
    - target: {fileID: 4000012023539014, guid: ce20da5d356853d49ae44571caa5d3e0, type: 2}
      propertyPath: m_LocalRotation.x
      value: -0
      objectReference: {fileID: 0}
    - target: {fileID: 4000012023539014, guid: ce20da5d356853d49ae44571caa5d3e0, type: 2}
      propertyPath: m_LocalRotation.y
      value: -0
      objectReference: {fileID: 0}
    - target: {fileID: 4000012023539014, guid: ce20da5d356853d49ae44571caa5d3e0, type: 2}
      propertyPath: m_LocalRotation.z
      value: -0
      objectReference: {fileID: 0}
    - target: {fileID: 4000012023539014, guid: ce20da5d356853d49ae44571caa5d3e0, type: 2}
      propertyPath: m_LocalRotation.w
      value: 1
      objectReference: {fileID: 0}
    - target: {fileID: 4000012023539014, guid: ce20da5d356853d49ae44571caa5d3e0, type: 2}
      propertyPath: m_RootOrder
      value: 1
      objectReference: {fileID: 0}
    - target: {fileID: 4000012023539014, guid: ce20da5d356853d49ae44571caa5d3e0, type: 2}
      propertyPath: m_LocalScale.x
      value: 0.053191487
      objectReference: {fileID: 0}
    - target: {fileID: 4000012023539014, guid: ce20da5d356853d49ae44571caa5d3e0, type: 2}
      propertyPath: m_LocalScale.y
      value: 0.053191487
      objectReference: {fileID: 0}
    - target: {fileID: 4000012023539014, guid: ce20da5d356853d49ae44571caa5d3e0, type: 2}
      propertyPath: m_LocalScale.z
      value: 0.053191487
      objectReference: {fileID: 0}
    m_RemovedComponents: []
  m_ParentPrefab: {fileID: 100100000, guid: ce20da5d356853d49ae44571caa5d3e0, type: 2}
  m_IsPrefabParent: 0
--- !u!1 &75168617
GameObject:
  m_ObjectHideFlags: 0
  m_PrefabParentObject: {fileID: 0}
  m_PrefabInternal: {fileID: 0}
  serializedVersion: 4
  m_Component:
  - 4: {fileID: 75168619}
  m_Layer: 0
  m_Name: LevelManager
  m_TagString: Untagged
  m_Icon: {fileID: 0}
  m_NavMeshLayer: 0
  m_StaticEditorFlags: 0
  m_IsActive: 1
--- !u!4 &75168619
Transform:
  m_ObjectHideFlags: 0
  m_PrefabParentObject: {fileID: 0}
  m_PrefabInternal: {fileID: 0}
  m_GameObject: {fileID: 75168617}
  m_LocalRotation: {x: 0, y: 0, z: 0, w: 1}
  m_LocalPosition: {x: 0, y: 2844.878, z: 23977.504}
  m_LocalScale: {x: 1, y: 1, z: 1}
  m_LocalEulerAnglesHint: {x: 0, y: 0, z: 0}
  m_Children: []
  m_Father: {fileID: 0}
  m_RootOrder: 5
--- !u!1001 &148072843
Prefab:
  m_ObjectHideFlags: 0
  serializedVersion: 2
  m_Modification:
    m_TransformParent: {fileID: 380509399}
    m_Modifications:
    - target: {fileID: 4000010173691710, guid: 34c822a774d55eb4683c94a39895aac4, type: 2}
      propertyPath: m_LocalPosition.x
      value: 0
      objectReference: {fileID: 0}
    - target: {fileID: 4000010173691710, guid: 34c822a774d55eb4683c94a39895aac4, type: 2}
      propertyPath: m_LocalPosition.y
      value: 0.5
      objectReference: {fileID: 0}
    - target: {fileID: 4000010173691710, guid: 34c822a774d55eb4683c94a39895aac4, type: 2}
      propertyPath: m_LocalPosition.z
      value: 0
      objectReference: {fileID: 0}
    - target: {fileID: 4000010173691710, guid: 34c822a774d55eb4683c94a39895aac4, type: 2}
      propertyPath: m_LocalRotation.x
      value: -0
      objectReference: {fileID: 0}
    - target: {fileID: 4000010173691710, guid: 34c822a774d55eb4683c94a39895aac4, type: 2}
      propertyPath: m_LocalRotation.y
      value: -0
      objectReference: {fileID: 0}
    - target: {fileID: 4000010173691710, guid: 34c822a774d55eb4683c94a39895aac4, type: 2}
      propertyPath: m_LocalRotation.z
      value: -0
      objectReference: {fileID: 0}
    - target: {fileID: 4000010173691710, guid: 34c822a774d55eb4683c94a39895aac4, type: 2}
      propertyPath: m_LocalRotation.w
      value: 1
      objectReference: {fileID: 0}
    - target: {fileID: 4000010173691710, guid: 34c822a774d55eb4683c94a39895aac4, type: 2}
      propertyPath: m_RootOrder
      value: 0
      objectReference: {fileID: 0}
    - target: {fileID: 1000012689752014, guid: 34c822a774d55eb4683c94a39895aac4, type: 2}
      propertyPath: m_Name
      value: Cargo
      objectReference: {fileID: 0}
    m_RemovedComponents: []
  m_ParentPrefab: {fileID: 100100000, guid: 34c822a774d55eb4683c94a39895aac4, type: 2}
  m_IsPrefabParent: 0
--- !u!1001 &194361507
Prefab:
  m_ObjectHideFlags: 0
  serializedVersion: 2
  m_Modification:
    m_TransformParent: {fileID: 783219431}
    m_Modifications:
    - target: {fileID: 4000010005148296, guid: 9eff0256c2e195f46a93ca8c19f896b2, type: 2}
      propertyPath: m_LocalPosition.x
      value: 0.989604
      objectReference: {fileID: 0}
    - target: {fileID: 4000010005148296, guid: 9eff0256c2e195f46a93ca8c19f896b2, type: 2}
      propertyPath: m_LocalPosition.y
      value: -0.074257426
      objectReference: {fileID: 0}
    - target: {fileID: 4000010005148296, guid: 9eff0256c2e195f46a93ca8c19f896b2, type: 2}
      propertyPath: m_LocalPosition.z
      value: 0
      objectReference: {fileID: 0}
    - target: {fileID: 4000010005148296, guid: 9eff0256c2e195f46a93ca8c19f896b2, type: 2}
      propertyPath: m_LocalRotation.x
      value: -0
      objectReference: {fileID: 0}
    - target: {fileID: 4000010005148296, guid: 9eff0256c2e195f46a93ca8c19f896b2, type: 2}
      propertyPath: m_LocalRotation.y
      value: -0
      objectReference: {fileID: 0}
    - target: {fileID: 4000010005148296, guid: 9eff0256c2e195f46a93ca8c19f896b2, type: 2}
      propertyPath: m_LocalRotation.z
      value: -0
      objectReference: {fileID: 0}
    - target: {fileID: 4000010005148296, guid: 9eff0256c2e195f46a93ca8c19f896b2, type: 2}
      propertyPath: m_LocalRotation.w
      value: 1
      objectReference: {fileID: 0}
    - target: {fileID: 4000010005148296, guid: 9eff0256c2e195f46a93ca8c19f896b2, type: 2}
      propertyPath: m_RootOrder
      value: 2
      objectReference: {fileID: 0}
    - target: {fileID: 4000010005148296, guid: 9eff0256c2e195f46a93ca8c19f896b2, type: 2}
      propertyPath: m_LocalScale.x
      value: 0.0990099
      objectReference: {fileID: 0}
    - target: {fileID: 4000010005148296, guid: 9eff0256c2e195f46a93ca8c19f896b2, type: 2}
      propertyPath: m_LocalScale.y
      value: 0.0990099
      objectReference: {fileID: 0}
    - target: {fileID: 4000010005148296, guid: 9eff0256c2e195f46a93ca8c19f896b2, type: 2}
      propertyPath: m_LocalScale.z
      value: 0.0990099
      objectReference: {fileID: 0}
    m_RemovedComponents: []
  m_ParentPrefab: {fileID: 100100000, guid: 9eff0256c2e195f46a93ca8c19f896b2, type: 2}
  m_IsPrefabParent: 0
--- !u!1001 &220403479
Prefab:
  m_ObjectHideFlags: 0
  serializedVersion: 2
  m_Modification:
    m_TransformParent: {fileID: 2081488970}
    m_Modifications:
    - target: {fileID: 4000013154689702, guid: ef647994384e91841bcbb75e0b47c4d4, type: 2}
      propertyPath: m_LocalPosition.x
      value: 0.96185565
      objectReference: {fileID: 0}
    - target: {fileID: 4000013154689702, guid: ef647994384e91841bcbb75e0b47c4d4, type: 2}
      propertyPath: m_LocalPosition.y
      value: -0.516
      objectReference: {fileID: 0}
    - target: {fileID: 4000013154689702, guid: ef647994384e91841bcbb75e0b47c4d4, type: 2}
      propertyPath: m_LocalPosition.z
      value: -0.53247654
      objectReference: {fileID: 0}
    - target: {fileID: 4000013154689702, guid: ef647994384e91841bcbb75e0b47c4d4, type: 2}
      propertyPath: m_LocalRotation.x
      value: -0
      objectReference: {fileID: 0}
    - target: {fileID: 4000013154689702, guid: ef647994384e91841bcbb75e0b47c4d4, type: 2}
      propertyPath: m_LocalRotation.y
      value: -0
      objectReference: {fileID: 0}
    - target: {fileID: 4000013154689702, guid: ef647994384e91841bcbb75e0b47c4d4, type: 2}
      propertyPath: m_LocalRotation.z
      value: -0
      objectReference: {fileID: 0}
    - target: {fileID: 4000013154689702, guid: ef647994384e91841bcbb75e0b47c4d4, type: 2}
      propertyPath: m_LocalRotation.w
      value: 1
      objectReference: {fileID: 0}
    - target: {fileID: 4000013154689702, guid: ef647994384e91841bcbb75e0b47c4d4, type: 2}
      propertyPath: m_RootOrder
      value: 2
      objectReference: {fileID: 0}
    - target: {fileID: 4000013154689702, guid: ef647994384e91841bcbb75e0b47c4d4, type: 2}
      propertyPath: m_LocalScale.x
      value: 0.15463917
      objectReference: {fileID: 0}
    - target: {fileID: 4000013154689702, guid: ef647994384e91841bcbb75e0b47c4d4, type: 2}
      propertyPath: m_LocalScale.y
      value: 0.18041237
      objectReference: {fileID: 0}
    - target: {fileID: 4000013154689702, guid: ef647994384e91841bcbb75e0b47c4d4, type: 2}
      propertyPath: m_LocalScale.z
      value: 0.18041237
      objectReference: {fileID: 0}
    m_RemovedComponents: []
  m_ParentPrefab: {fileID: 100100000, guid: ef647994384e91841bcbb75e0b47c4d4, type: 2}
  m_IsPrefabParent: 0
--- !u!1 &233485123
GameObject:
  m_ObjectHideFlags: 0
  m_PrefabParentObject: {fileID: 0}
  m_PrefabInternal: {fileID: 0}
  serializedVersion: 4
  m_Component:
  - 224: {fileID: 233485124}
  - 222: {fileID: 233485126}
  - 114: {fileID: 233485125}
  - 114: {fileID: 233485127}
  m_Layer: 5
  m_Name: Score
  m_TagString: Untagged
  m_Icon: {fileID: 0}
  m_NavMeshLayer: 0
  m_StaticEditorFlags: 0
  m_IsActive: 1
--- !u!224 &233485124
RectTransform:
  m_ObjectHideFlags: 0
  m_PrefabParentObject: {fileID: 0}
  m_PrefabInternal: {fileID: 0}
  m_GameObject: {fileID: 233485123}
  m_LocalRotation: {x: -0, y: -0, z: -0, w: 1}
  m_LocalPosition: {x: 0, y: 0, z: 0}
  m_LocalScale: {x: 1, y: 1, z: 1}
  m_LocalEulerAnglesHint: {x: 0, y: 0, z: 0}
  m_Children: []
  m_Father: {fileID: 1255455648}
  m_RootOrder: 0
  m_AnchorMin: {x: 0.68868035, y: 0.64980614}
  m_AnchorMax: {x: 1, y: 1}
  m_AnchoredPosition: {x: 0.7999878, y: 1.5}
  m_SizeDelta: {x: -1.6000061, y: -1.8999939}
  m_Pivot: {x: 0.5, y: 0.5}
--- !u!114 &233485125
MonoBehaviour:
  m_ObjectHideFlags: 0
  m_PrefabParentObject: {fileID: 0}
  m_PrefabInternal: {fileID: 0}
  m_GameObject: {fileID: 233485123}
  m_Enabled: 1
  m_EditorHideFlags: 0
  m_Script: {fileID: 708705254, guid: f5f67c52d1564df4a8936ccd202a3bd8, type: 3}
  m_Name: 
  m_EditorClassIdentifier: 
  m_Material: {fileID: 0}
  m_Color: {r: 0.19607843, g: 0.19607843, b: 0.19607843, a: 1}
  m_RaycastTarget: 1
  m_OnCullStateChanged:
    m_PersistentCalls:
      m_Calls: []
    m_TypeName: UnityEngine.UI.MaskableGraphic+CullStateChangedEvent, UnityEngine.UI,
      Version=1.0.0.0, Culture=neutral, PublicKeyToken=null
  m_FontData:
    m_Font: {fileID: 10102, guid: 0000000000000000e000000000000000, type: 0}
    m_FontSize: 20
    m_FontStyle: 1
    m_BestFit: 0
    m_MinSize: 0
    m_MaxSize: 40
    m_Alignment: 0
    m_AlignByGeometry: 0
    m_RichText: 1
    m_HorizontalOverflow: 0
    m_VerticalOverflow: 0
    m_LineSpacing: 1
  m_Text: 'Money Remaining: $1,000,000

    Time Left: 60 seconds'
--- !u!222 &233485126
CanvasRenderer:
  m_ObjectHideFlags: 0
  m_PrefabParentObject: {fileID: 0}
  m_PrefabInternal: {fileID: 0}
  m_GameObject: {fileID: 233485123}
--- !u!114 &233485127
MonoBehaviour:
  m_ObjectHideFlags: 0
  m_PrefabParentObject: {fileID: 0}
  m_PrefabInternal: {fileID: 0}
  m_GameObject: {fileID: 233485123}
  m_Enabled: 1
  m_EditorHideFlags: 0
  m_Script: {fileID: 11500000, guid: 930c1dac302c8ba469f93119a2eba513, type: 3}
  m_Name: 
  m_EditorClassIdentifier: 
  score: 0
  timePenalty: 200
  cargoBonus: 10000
  timer: 5
  scoreText: {fileID: 233485125}
  timerText: {fileID: 233485125}
  cargoText: {fileID: 0}
--- !u!1001 &296422905
Prefab:
  m_ObjectHideFlags: 0
  serializedVersion: 2
  m_Modification:
    m_TransformParent: {fileID: 0}
    m_Modifications:
    - target: {fileID: 4000013072316750, guid: 4d09e5536cf95bf4cb127cc9456fd064, type: 2}
      propertyPath: m_LocalPosition.x
      value: 0
      objectReference: {fileID: 0}
    - target: {fileID: 4000013072316750, guid: 4d09e5536cf95bf4cb127cc9456fd064, type: 2}
      propertyPath: m_LocalPosition.y
      value: 0
      objectReference: {fileID: 0}
    - target: {fileID: 4000013072316750, guid: 4d09e5536cf95bf4cb127cc9456fd064, type: 2}
      propertyPath: m_LocalPosition.z
      value: 0
      objectReference: {fileID: 0}
    - target: {fileID: 4000013072316750, guid: 4d09e5536cf95bf4cb127cc9456fd064, type: 2}
      propertyPath: m_LocalRotation.x
      value: 0
      objectReference: {fileID: 0}
    - target: {fileID: 4000013072316750, guid: 4d09e5536cf95bf4cb127cc9456fd064, type: 2}
      propertyPath: m_LocalRotation.y
      value: 0
      objectReference: {fileID: 0}
    - target: {fileID: 4000013072316750, guid: 4d09e5536cf95bf4cb127cc9456fd064, type: 2}
      propertyPath: m_LocalRotation.z
      value: 0
      objectReference: {fileID: 0}
    - target: {fileID: 4000013072316750, guid: 4d09e5536cf95bf4cb127cc9456fd064, type: 2}
      propertyPath: m_LocalRotation.w
      value: 1
      objectReference: {fileID: 0}
    - target: {fileID: 4000013072316750, guid: 4d09e5536cf95bf4cb127cc9456fd064, type: 2}
      propertyPath: m_RootOrder
      value: 3
      objectReference: {fileID: 0}
    m_RemovedComponents: []
  m_ParentPrefab: {fileID: 100100000, guid: 4d09e5536cf95bf4cb127cc9456fd064, type: 2}
  m_IsPrefabParent: 0
--- !u!4 &303889564 stripped
Transform:
  m_PrefabParentObject: {fileID: 4000014080097298, guid: b705c17c00e66644fbc7510468121803,
    type: 2}
  m_PrefabInternal: {fileID: 1886102349}
--- !u!1 &337983377
GameObject:
  m_ObjectHideFlags: 0
  m_PrefabParentObject: {fileID: 0}
  m_PrefabInternal: {fileID: 0}
  serializedVersion: 4
  m_Component:
  - 224: {fileID: 337983378}
  - 222: {fileID: 337983380}
  - 114: {fileID: 337983379}
  - 114: {fileID: 337983381}
  m_Layer: 5
  m_Name: Countdown
  m_TagString: Untagged
  m_Icon: {fileID: 0}
  m_NavMeshLayer: 0
  m_StaticEditorFlags: 0
  m_IsActive: 1
--- !u!224 &337983378
RectTransform:
  m_ObjectHideFlags: 0
  m_PrefabParentObject: {fileID: 0}
  m_PrefabInternal: {fileID: 0}
  m_GameObject: {fileID: 337983377}
  m_LocalRotation: {x: 0, y: 0, z: 0, w: 1}
  m_LocalPosition: {x: 0, y: 0, z: 0}
  m_LocalScale: {x: 1, y: 1, z: 1}
  m_LocalEulerAnglesHint: {x: 0, y: 0, z: 0}
  m_Children: []
  m_Father: {fileID: 1255455648}
  m_RootOrder: 1
  m_AnchorMin: {x: 0.36836067, y: 0.32900003}
  m_AnchorMax: {x: 0.58647954, y: 0.5288388}
  m_AnchoredPosition: {x: -1, y: 0.5}
  m_SizeDelta: {x: 2, y: 0}
  m_Pivot: {x: 0.5, y: 0.5}
--- !u!114 &337983379
MonoBehaviour:
  m_ObjectHideFlags: 0
  m_PrefabParentObject: {fileID: 0}
  m_PrefabInternal: {fileID: 0}
  m_GameObject: {fileID: 337983377}
  m_Enabled: 1
  m_EditorHideFlags: 0
  m_Script: {fileID: 708705254, guid: f5f67c52d1564df4a8936ccd202a3bd8, type: 3}
  m_Name: 
  m_EditorClassIdentifier: 
  m_Material: {fileID: 0}
  m_Color: {r: 0.19607843, g: 0.19607843, b: 0.19607843, a: 1}
  m_RaycastTarget: 1
  m_OnCullStateChanged:
    m_PersistentCalls:
      m_Calls: []
    m_TypeName: UnityEngine.UI.MaskableGraphic+CullStateChangedEvent, UnityEngine.UI,
      Version=1.0.0.0, Culture=neutral, PublicKeyToken=null
  m_FontData:
    m_Font: {fileID: 10102, guid: 0000000000000000e000000000000000, type: 0}
    m_FontSize: 14
    m_FontStyle: 0
    m_BestFit: 0
    m_MinSize: 10
    m_MaxSize: 40
    m_Alignment: 4
    m_AlignByGeometry: 0
    m_RichText: 1
    m_HorizontalOverflow: 0
    m_VerticalOverflow: 0
    m_LineSpacing: 1
  m_Text: 5
--- !u!222 &337983380
CanvasRenderer:
  m_ObjectHideFlags: 0
  m_PrefabParentObject: {fileID: 0}
  m_PrefabInternal: {fileID: 0}
  m_GameObject: {fileID: 337983377}
--- !u!114 &337983381
MonoBehaviour:
  m_ObjectHideFlags: 0
  m_PrefabParentObject: {fileID: 0}
  m_PrefabInternal: {fileID: 0}
  m_GameObject: {fileID: 337983377}
  m_Enabled: 1
  m_EditorHideFlags: 0
  m_Script: {fileID: 11500000, guid: 0a317cac8584c6443aa57b4b36a5d558, type: 3}
  m_Name: 
  m_EditorClassIdentifier: 
  countdownText: {fileID: 337983379}
--- !u!1001 &350710107
Prefab:
  m_ObjectHideFlags: 0
  serializedVersion: 2
  m_Modification:
    m_TransformParent: {fileID: 736180173}
    m_Modifications:
    - target: {fileID: 4000012840046560, guid: ea8d440b2737aa2408b811dbfedab0a0, type: 2}
      propertyPath: m_LocalPosition.x
      value: 0
      objectReference: {fileID: 0}
    - target: {fileID: 4000012840046560, guid: ea8d440b2737aa2408b811dbfedab0a0, type: 2}
      propertyPath: m_LocalPosition.y
      value: 0
      objectReference: {fileID: 0}
    - target: {fileID: 4000012840046560, guid: ea8d440b2737aa2408b811dbfedab0a0, type: 2}
      propertyPath: m_LocalPosition.z
      value: 2.1333334
      objectReference: {fileID: 0}
    - target: {fileID: 4000012840046560, guid: ea8d440b2737aa2408b811dbfedab0a0, type: 2}
      propertyPath: m_LocalRotation.x
      value: -0
      objectReference: {fileID: 0}
    - target: {fileID: 4000012840046560, guid: ea8d440b2737aa2408b811dbfedab0a0, type: 2}
      propertyPath: m_LocalRotation.y
      value: -0
      objectReference: {fileID: 0}
    - target: {fileID: 4000012840046560, guid: ea8d440b2737aa2408b811dbfedab0a0, type: 2}
      propertyPath: m_LocalRotation.z
      value: -0
      objectReference: {fileID: 0}
    - target: {fileID: 4000012840046560, guid: ea8d440b2737aa2408b811dbfedab0a0, type: 2}
      propertyPath: m_LocalRotation.w
      value: 1
      objectReference: {fileID: 0}
    - target: {fileID: 4000012840046560, guid: ea8d440b2737aa2408b811dbfedab0a0, type: 2}
      propertyPath: m_RootOrder
      value: 0
      objectReference: {fileID: 0}
    - target: {fileID: 4000012840046560, guid: ea8d440b2737aa2408b811dbfedab0a0, type: 2}
      propertyPath: m_LocalScale.x
      value: 0.31333333
      objectReference: {fileID: 0}
    - target: {fileID: 4000012840046560, guid: ea8d440b2737aa2408b811dbfedab0a0, type: 2}
      propertyPath: m_LocalScale.y
      value: 0.31333333
      objectReference: {fileID: 0}
    - target: {fileID: 4000012840046560, guid: ea8d440b2737aa2408b811dbfedab0a0, type: 2}
      propertyPath: m_LocalScale.z
      value: 0.31333333
      objectReference: {fileID: 0}
    m_RemovedComponents: []
  m_ParentPrefab: {fileID: 100100000, guid: ea8d440b2737aa2408b811dbfedab0a0, type: 2}
  m_IsPrefabParent: 0
--- !u!1001 &380509397
Prefab:
  m_ObjectHideFlags: 0
  serializedVersion: 2
  m_Modification:
    m_TransformParent: {fileID: 0}
    m_Modifications:
    - target: {fileID: 487584, guid: 0e2954d9040987041a4cc44b3f008a9f, type: 2}
      propertyPath: m_LocalPosition.x
      value: 0
      objectReference: {fileID: 0}
    - target: {fileID: 487584, guid: 0e2954d9040987041a4cc44b3f008a9f, type: 2}
      propertyPath: m_LocalPosition.y
      value: 0
      objectReference: {fileID: 0}
    - target: {fileID: 487584, guid: 0e2954d9040987041a4cc44b3f008a9f, type: 2}
      propertyPath: m_LocalPosition.z
      value: 787
      objectReference: {fileID: 0}
    - target: {fileID: 487584, guid: 0e2954d9040987041a4cc44b3f008a9f, type: 2}
      propertyPath: m_LocalRotation.x
      value: 0
      objectReference: {fileID: 0}
    - target: {fileID: 487584, guid: 0e2954d9040987041a4cc44b3f008a9f, type: 2}
      propertyPath: m_LocalRotation.y
      value: 0
      objectReference: {fileID: 0}
    - target: {fileID: 487584, guid: 0e2954d9040987041a4cc44b3f008a9f, type: 2}
      propertyPath: m_LocalRotation.z
      value: 0
      objectReference: {fileID: 0}
    - target: {fileID: 487584, guid: 0e2954d9040987041a4cc44b3f008a9f, type: 2}
      propertyPath: m_LocalRotation.w
      value: 1
      objectReference: {fileID: 0}
    - target: {fileID: 487584, guid: 0e2954d9040987041a4cc44b3f008a9f, type: 2}
      propertyPath: m_RootOrder
      value: 8
      objectReference: {fileID: 0}
    - target: {fileID: 116230, guid: 0e2954d9040987041a4cc44b3f008a9f, type: 2}
      propertyPath: m_TagString
      value: Player
      objectReference: {fileID: 0}
    - target: {fileID: 442454, guid: 0e2954d9040987041a4cc44b3f008a9f, type: 2}
      propertyPath: m_RootOrder
      value: 1
      objectReference: {fileID: 0}
    m_RemovedComponents: []
  m_ParentPrefab: {fileID: 100100000, guid: 0e2954d9040987041a4cc44b3f008a9f, type: 2}
  m_IsPrefabParent: 0
--- !u!1 &380509398 stripped
GameObject:
  m_PrefabParentObject: {fileID: 116230, guid: 0e2954d9040987041a4cc44b3f008a9f, type: 2}
  m_PrefabInternal: {fileID: 380509397}
--- !u!4 &380509399 stripped
Transform:
  m_PrefabParentObject: {fileID: 487584, guid: 0e2954d9040987041a4cc44b3f008a9f, type: 2}
  m_PrefabInternal: {fileID: 380509397}
--- !u!95 &380509400
Animator:
  serializedVersion: 3
  m_ObjectHideFlags: 0
  m_PrefabParentObject: {fileID: 0}
  m_PrefabInternal: {fileID: 0}
  m_GameObject: {fileID: 380509398}
  m_Enabled: 1
  m_Avatar: {fileID: 0}
  m_Controller: {fileID: 9100000, guid: cca6fb056f62d7249987bafce811bdbc, type: 2}
  m_CullingMode: 0
  m_UpdateMode: 0
  m_ApplyRootMotion: 0
  m_LinearVelocityBlending: 0
  m_WarningMessage: 
  m_HasTransformHierarchy: 1
  m_AllowConstantClipSamplingOptimization: 1
--- !u!114 &380509401
MonoBehaviour:
  m_ObjectHideFlags: 0
  m_PrefabParentObject: {fileID: 0}
  m_PrefabInternal: {fileID: 0}
  m_GameObject: {fileID: 380509398}
  m_Enabled: 1
  m_EditorHideFlags: 0
  m_Script: {fileID: 11500000, guid: e4afc03a5a0a42e4cb30c8a9091c05bb, type: 3}
  m_Name: 
  m_EditorClassIdentifier: 
  moneyPerMoon: 100
  timeToStart: 5
  explosionEffect1: {fileID: 0}
  explosionEffect2: {fileID: 0}
  explosionEffect3: {fileID: 0}
  moonMoneyEffect: {fileID: 0}
  speed: 0
  totalMoney: 0
  trueTimeToStart: 0
  started: 0
--- !u!1001 &388555418
Prefab:
  m_ObjectHideFlags: 0
  serializedVersion: 2
  m_Modification:
    m_TransformParent: {fileID: 1331262625}
    m_Modifications:
    - target: {fileID: 4000012123767706, guid: 11879638f5f76344e987da05f45bc369, type: 2}
      propertyPath: m_LocalPosition.x
      value: -0.770152
      objectReference: {fileID: 0}
    - target: {fileID: 4000012123767706, guid: 11879638f5f76344e987da05f45bc369, type: 2}
      propertyPath: m_LocalPosition.y
      value: 0
      objectReference: {fileID: 0}
    - target: {fileID: 4000012123767706, guid: 11879638f5f76344e987da05f45bc369, type: 2}
      propertyPath: m_LocalPosition.z
      value: 0.23000011
      objectReference: {fileID: 0}
    - target: {fileID: 4000012123767706, guid: 11879638f5f76344e987da05f45bc369, type: 2}
      propertyPath: m_LocalRotation.x
      value: -0
      objectReference: {fileID: 0}
    - target: {fileID: 4000012123767706, guid: 11879638f5f76344e987da05f45bc369, type: 2}
      propertyPath: m_LocalRotation.y
      value: -0
      objectReference: {fileID: 0}
    - target: {fileID: 4000012123767706, guid: 11879638f5f76344e987da05f45bc369, type: 2}
      propertyPath: m_LocalRotation.z
      value: -0
      objectReference: {fileID: 0}
    - target: {fileID: 4000012123767706, guid: 11879638f5f76344e987da05f45bc369, type: 2}
      propertyPath: m_LocalRotation.w
      value: 1
      objectReference: {fileID: 0}
    - target: {fileID: 4000012123767706, guid: 11879638f5f76344e987da05f45bc369, type: 2}
      propertyPath: m_RootOrder
      value: 0
      objectReference: {fileID: 0}
    - target: {fileID: 4000012123767706, guid: 11879638f5f76344e987da05f45bc369, type: 2}
      propertyPath: m_LocalScale.x
      value: 0.035746202
      objectReference: {fileID: 0}
    - target: {fileID: 4000012123767706, guid: 11879638f5f76344e987da05f45bc369, type: 2}
      propertyPath: m_LocalScale.y
      value: 0.035746202
      objectReference: {fileID: 0}
    - target: {fileID: 4000012123767706, guid: 11879638f5f76344e987da05f45bc369, type: 2}
      propertyPath: m_LocalScale.z
      value: 0.035746202
      objectReference: {fileID: 0}
    m_RemovedComponents: []
  m_ParentPrefab: {fileID: 100100000, guid: 11879638f5f76344e987da05f45bc369, type: 2}
  m_IsPrefabParent: 0
--- !u!1001 &450266270
Prefab:
  m_ObjectHideFlags: 0
  serializedVersion: 2
  m_Modification:
    m_TransformParent: {fileID: 2081488970}
    m_Modifications:
    - target: {fileID: 4000010319053396, guid: 8adab4d087ef98442b9d1809dae332d9, type: 2}
      propertyPath: m_LocalPosition.x
      value: 0
      objectReference: {fileID: 0}
    - target: {fileID: 4000010319053396, guid: 8adab4d087ef98442b9d1809dae332d9, type: 2}
      propertyPath: m_LocalPosition.y
      value: 0
      objectReference: {fileID: 0}
    - target: {fileID: 4000010319053396, guid: 8adab4d087ef98442b9d1809dae332d9, type: 2}
      propertyPath: m_LocalPosition.z
      value: 0.8990008
      objectReference: {fileID: 0}
    - target: {fileID: 4000010319053396, guid: 8adab4d087ef98442b9d1809dae332d9, type: 2}
      propertyPath: m_LocalRotation.x
      value: -0
      objectReference: {fileID: 0}
    - target: {fileID: 4000010319053396, guid: 8adab4d087ef98442b9d1809dae332d9, type: 2}
      propertyPath: m_LocalRotation.y
      value: -0
      objectReference: {fileID: 0}
    - target: {fileID: 4000010319053396, guid: 8adab4d087ef98442b9d1809dae332d9, type: 2}
      propertyPath: m_LocalRotation.z
      value: -0
      objectReference: {fileID: 0}
    - target: {fileID: 4000010319053396, guid: 8adab4d087ef98442b9d1809dae332d9, type: 2}
      propertyPath: m_LocalRotation.w
      value: 1
      objectReference: {fileID: 0}
    - target: {fileID: 4000010319053396, guid: 8adab4d087ef98442b9d1809dae332d9, type: 2}
      propertyPath: m_RootOrder
      value: 1
      objectReference: {fileID: 0}
    - target: {fileID: 4000010319053396, guid: 8adab4d087ef98442b9d1809dae332d9, type: 2}
      propertyPath: m_LocalScale.x
      value: 0.10309278
      objectReference: {fileID: 0}
    - target: {fileID: 4000010319053396, guid: 8adab4d087ef98442b9d1809dae332d9, type: 2}
      propertyPath: m_LocalScale.y
      value: 0.10309278
      objectReference: {fileID: 0}
    - target: {fileID: 4000010319053396, guid: 8adab4d087ef98442b9d1809dae332d9, type: 2}
      propertyPath: m_LocalScale.z
      value: 0.10309278
      objectReference: {fileID: 0}
    m_RemovedComponents: []
  m_ParentPrefab: {fileID: 100100000, guid: 8adab4d087ef98442b9d1809dae332d9, type: 2}
  m_IsPrefabParent: 0
--- !u!1001 &483748523
Prefab:
  m_ObjectHideFlags: 0
  serializedVersion: 2
  m_Modification:
    m_TransformParent: {fileID: 303889564}
    m_Modifications:
    - target: {fileID: 4000013968518714, guid: 58cdf443efc196d4fb025938fa1cb61e, type: 2}
      propertyPath: m_LocalPosition.x
      value: -3.6055262
      objectReference: {fileID: 0}
    - target: {fileID: 4000013968518714, guid: 58cdf443efc196d4fb025938fa1cb61e, type: 2}
      propertyPath: m_LocalPosition.y
      value: 11.793153
      objectReference: {fileID: 0}
    - target: {fileID: 4000013968518714, guid: 58cdf443efc196d4fb025938fa1cb61e, type: 2}
      propertyPath: m_LocalPosition.z
      value: 96.26002
      objectReference: {fileID: 0}
    - target: {fileID: 4000013968518714, guid: 58cdf443efc196d4fb025938fa1cb61e, type: 2}
      propertyPath: m_LocalRotation.x
      value: -0
      objectReference: {fileID: 0}
    - target: {fileID: 4000013968518714, guid: 58cdf443efc196d4fb025938fa1cb61e, type: 2}
      propertyPath: m_LocalRotation.y
      value: -0
      objectReference: {fileID: 0}
    - target: {fileID: 4000013968518714, guid: 58cdf443efc196d4fb025938fa1cb61e, type: 2}
      propertyPath: m_LocalRotation.z
      value: 0.14780933
      objectReference: {fileID: 0}
    - target: {fileID: 4000013968518714, guid: 58cdf443efc196d4fb025938fa1cb61e, type: 2}
      propertyPath: m_LocalRotation.w
      value: 0.9890159
      objectReference: {fileID: 0}
    - target: {fileID: 4000013968518714, guid: 58cdf443efc196d4fb025938fa1cb61e, type: 2}
      propertyPath: m_RootOrder
      value: 0
      objectReference: {fileID: 0}
    - target: {fileID: 4000013968518714, guid: 58cdf443efc196d4fb025938fa1cb61e, type: 2}
      propertyPath: m_LocalScale.x
      value: 0.29999998
      objectReference: {fileID: 0}
    - target: {fileID: 4000013968518714, guid: 58cdf443efc196d4fb025938fa1cb61e, type: 2}
      propertyPath: m_LocalScale.y
      value: 0.29999998
      objectReference: {fileID: 0}
    - target: {fileID: 4000013968518714, guid: 58cdf443efc196d4fb025938fa1cb61e, type: 2}
      propertyPath: m_LocalScale.z
      value: 0.29999992
      objectReference: {fileID: 0}
    m_RemovedComponents: []
  m_ParentPrefab: {fileID: 100100000, guid: 58cdf443efc196d4fb025938fa1cb61e, type: 2}
  m_IsPrefabParent: 0
--- !u!4 &496163155 stripped
Transform:
  m_PrefabParentObject: {fileID: 4000013724130276, guid: 272b6b9c3535a534ba02aa06d2f96a30,
    type: 2}
  m_PrefabInternal: {fileID: 1863110908}
--- !u!1 &633259532
GameObject:
  m_ObjectHideFlags: 0
  m_PrefabParentObject: {fileID: 0}
  m_PrefabInternal: {fileID: 0}
  serializedVersion: 4
  m_Component:
  - 4: {fileID: 633259535}
  - 114: {fileID: 633259534}
  - 114: {fileID: 633259533}
  m_Layer: 0
  m_Name: EventSystem
  m_TagString: Untagged
  m_Icon: {fileID: 0}
  m_NavMeshLayer: 0
  m_StaticEditorFlags: 0
  m_IsActive: 1
--- !u!114 &633259533
MonoBehaviour:
  m_ObjectHideFlags: 0
  m_PrefabParentObject: {fileID: 0}
  m_PrefabInternal: {fileID: 0}
  m_GameObject: {fileID: 633259532}
  m_Enabled: 1
  m_EditorHideFlags: 0
  m_Script: {fileID: 1077351063, guid: f5f67c52d1564df4a8936ccd202a3bd8, type: 3}
  m_Name: 
  m_EditorClassIdentifier: 
  m_HorizontalAxis: Horizontal
  m_VerticalAxis: Vertical
  m_SubmitButton: Submit
  m_CancelButton: Cancel
  m_InputActionsPerSecond: 10
  m_RepeatDelay: 0.5
  m_ForceModuleActive: 0
--- !u!114 &633259534
MonoBehaviour:
  m_ObjectHideFlags: 0
  m_PrefabParentObject: {fileID: 0}
  m_PrefabInternal: {fileID: 0}
  m_GameObject: {fileID: 633259532}
  m_Enabled: 1
  m_EditorHideFlags: 0
  m_Script: {fileID: -619905303, guid: f5f67c52d1564df4a8936ccd202a3bd8, type: 3}
  m_Name: 
  m_EditorClassIdentifier: 
  m_FirstSelected: {fileID: 0}
  m_sendNavigationEvents: 1
  m_DragThreshold: 5
--- !u!4 &633259535
Transform:
  m_ObjectHideFlags: 0
  m_PrefabParentObject: {fileID: 0}
  m_PrefabInternal: {fileID: 0}
  m_GameObject: {fileID: 633259532}
  m_LocalRotation: {x: 0, y: 0, z: 0, w: 1}
  m_LocalPosition: {x: 0, y: 0, z: 0}
  m_LocalScale: {x: 1, y: 1, z: 1}
  m_LocalEulerAnglesHint: {x: 0, y: 0, z: 0}
  m_Children: []
  m_Father: {fileID: 0}
  m_RootOrder: 7
--- !u!4 &637343452 stripped
Transform:
  m_PrefabParentObject: {fileID: 4000012840046560, guid: ea8d440b2737aa2408b811dbfedab0a0,
    type: 2}
  m_PrefabInternal: {fileID: 350710107}
--- !u!1001 &664339149
Prefab:
  m_ObjectHideFlags: 0
  serializedVersion: 2
  m_Modification:
    m_TransformParent: {fileID: 993943044}
    m_Modifications:
    - target: {fileID: 4000013227326440, guid: f26571a130c18d84082cdb82a94570c6, type: 2}
      propertyPath: m_LocalPosition.x
      value: -1.2075471
      objectReference: {fileID: 0}
    - target: {fileID: 4000013227326440, guid: f26571a130c18d84082cdb82a94570c6, type: 2}
      propertyPath: m_LocalPosition.y
      value: 0
      objectReference: {fileID: 0}
    - target: {fileID: 4000013227326440, guid: f26571a130c18d84082cdb82a94570c6, type: 2}
      propertyPath: m_LocalPosition.z
      value: 0.6566047
      objectReference: {fileID: 0}
    - target: {fileID: 4000013227326440, guid: f26571a130c18d84082cdb82a94570c6, type: 2}
      propertyPath: m_LocalRotation.x
      value: -0
      objectReference: {fileID: 0}
    - target: {fileID: 4000013227326440, guid: f26571a130c18d84082cdb82a94570c6, type: 2}
      propertyPath: m_LocalRotation.y
      value: -0
      objectReference: {fileID: 0}
    - target: {fileID: 4000013227326440, guid: f26571a130c18d84082cdb82a94570c6, type: 2}
      propertyPath: m_LocalRotation.z
      value: -0
      objectReference: {fileID: 0}
    - target: {fileID: 4000013227326440, guid: f26571a130c18d84082cdb82a94570c6, type: 2}
      propertyPath: m_LocalRotation.w
      value: 1
      objectReference: {fileID: 0}
    - target: {fileID: 4000013227326440, guid: f26571a130c18d84082cdb82a94570c6, type: 2}
      propertyPath: m_RootOrder
      value: 0
      objectReference: {fileID: 0}
    - target: {fileID: 4000013227326440, guid: f26571a130c18d84082cdb82a94570c6, type: 2}
      propertyPath: m_LocalScale.x
      value: 0.18867922
      objectReference: {fileID: 0}
    - target: {fileID: 4000013227326440, guid: f26571a130c18d84082cdb82a94570c6, type: 2}
      propertyPath: m_LocalScale.y
      value: 0.18867922
      objectReference: {fileID: 0}
    - target: {fileID: 4000013227326440, guid: f26571a130c18d84082cdb82a94570c6, type: 2}
      propertyPath: m_LocalScale.z
      value: 0.18867922
      objectReference: {fileID: 0}
    m_RemovedComponents: []
  m_ParentPrefab: {fileID: 100100000, guid: f26571a130c18d84082cdb82a94570c6, type: 2}
  m_IsPrefabParent: 0
--- !u!4 &721955014 stripped
Transform:
  m_PrefabParentObject: {fileID: 4000013968518714, guid: 58cdf443efc196d4fb025938fa1cb61e,
    type: 2}
  m_PrefabInternal: {fileID: 483748523}
--- !u!1001 &735437422
Prefab:
  m_ObjectHideFlags: 0
  serializedVersion: 2
  m_Modification:
    m_TransformParent: {fileID: 736180173}
    m_Modifications:
    - target: {fileID: 4000013840752454, guid: 2d37486c38b4ca340a91eb8a07ccb051, type: 2}
      propertyPath: m_LocalPosition.x
      value: 0
      objectReference: {fileID: 0}
    - target: {fileID: 4000013840752454, guid: 2d37486c38b4ca340a91eb8a07ccb051, type: 2}
      propertyPath: m_LocalPosition.y
      value: 0
      objectReference: {fileID: 0}
    - target: {fileID: 4000013840752454, guid: 2d37486c38b4ca340a91eb8a07ccb051, type: 2}
      propertyPath: m_LocalPosition.z
      value: 2.6000004
      objectReference: {fileID: 0}
    - target: {fileID: 4000013840752454, guid: 2d37486c38b4ca340a91eb8a07ccb051, type: 2}
      propertyPath: m_LocalRotation.x
      value: -0
      objectReference: {fileID: 0}
    - target: {fileID: 4000013840752454, guid: 2d37486c38b4ca340a91eb8a07ccb051, type: 2}
      propertyPath: m_LocalRotation.y
      value: -0
      objectReference: {fileID: 0}
    - target: {fileID: 4000013840752454, guid: 2d37486c38b4ca340a91eb8a07ccb051, type: 2}
      propertyPath: m_LocalRotation.z
      value: -0
      objectReference: {fileID: 0}
    - target: {fileID: 4000013840752454, guid: 2d37486c38b4ca340a91eb8a07ccb051, type: 2}
      propertyPath: m_LocalRotation.w
      value: 1
      objectReference: {fileID: 0}
    - target: {fileID: 4000013840752454, guid: 2d37486c38b4ca340a91eb8a07ccb051, type: 2}
      propertyPath: m_RootOrder
      value: 2
      objectReference: {fileID: 0}
    - target: {fileID: 4000013840752454, guid: 2d37486c38b4ca340a91eb8a07ccb051, type: 2}
      propertyPath: m_LocalScale.x
      value: 0.13466667
      objectReference: {fileID: 0}
    - target: {fileID: 4000013840752454, guid: 2d37486c38b4ca340a91eb8a07ccb051, type: 2}
      propertyPath: m_LocalScale.y
      value: 0.13466667
      objectReference: {fileID: 0}
    - target: {fileID: 4000013840752454, guid: 2d37486c38b4ca340a91eb8a07ccb051, type: 2}
      propertyPath: m_LocalScale.z
      value: 0.13466667
      objectReference: {fileID: 0}
    m_RemovedComponents: []
  m_ParentPrefab: {fileID: 100100000, guid: 2d37486c38b4ca340a91eb8a07ccb051, type: 2}
  m_IsPrefabParent: 0
--- !u!4 &736180173 stripped
Transform:
  m_PrefabParentObject: {fileID: 4000013072316750, guid: 4d09e5536cf95bf4cb127cc9456fd064,
    type: 2}
  m_PrefabInternal: {fileID: 296422905}
--- !u!1001 &754263953
Prefab:
  m_ObjectHideFlags: 0
  serializedVersion: 2
  m_Modification:
    m_TransformParent: {fileID: 637343452}
    m_Modifications:
    - target: {fileID: 4000012323484130, guid: d37db785d0d686541873f137f1d8c5ff, type: 2}
      propertyPath: m_LocalPosition.x
      value: 0.7174468
      objectReference: {fileID: 0}
    - target: {fileID: 4000012323484130, guid: d37db785d0d686541873f137f1d8c5ff, type: 2}
      propertyPath: m_LocalPosition.y
      value: 0.14085108
      objectReference: {fileID: 0}
    - target: {fileID: 4000012323484130, guid: d37db785d0d686541873f137f1d8c5ff, type: 2}
      propertyPath: m_LocalPosition.z
      value: 0.31234077
      objectReference: {fileID: 0}
    - target: {fileID: 4000012323484130, guid: d37db785d0d686541873f137f1d8c5ff, type: 2}
      propertyPath: m_LocalRotation.x
      value: -0
      objectReference: {fileID: 0}
    - target: {fileID: 4000012323484130, guid: d37db785d0d686541873f137f1d8c5ff, type: 2}
      propertyPath: m_LocalRotation.y
      value: -0
      objectReference: {fileID: 0}
    - target: {fileID: 4000012323484130, guid: d37db785d0d686541873f137f1d8c5ff, type: 2}
      propertyPath: m_LocalRotation.z
      value: -0
      objectReference: {fileID: 0}
    - target: {fileID: 4000012323484130, guid: d37db785d0d686541873f137f1d8c5ff, type: 2}
      propertyPath: m_LocalRotation.w
      value: 1
      objectReference: {fileID: 0}
    - target: {fileID: 4000012323484130, guid: d37db785d0d686541873f137f1d8c5ff, type: 2}
      propertyPath: m_RootOrder
      value: 3
      objectReference: {fileID: 0}
    - target: {fileID: 4000012323484130, guid: d37db785d0d686541873f137f1d8c5ff, type: 2}
      propertyPath: m_LocalScale.x
      value: 0.053191487
      objectReference: {fileID: 0}
    - target: {fileID: 4000012323484130, guid: d37db785d0d686541873f137f1d8c5ff, type: 2}
      propertyPath: m_LocalScale.y
      value: 0.053191487
      objectReference: {fileID: 0}
    - target: {fileID: 4000012323484130, guid: d37db785d0d686541873f137f1d8c5ff, type: 2}
      propertyPath: m_LocalScale.z
      value: 0.053191487
      objectReference: {fileID: 0}
    m_RemovedComponents: []
  m_ParentPrefab: {fileID: 100100000, guid: d37db785d0d686541873f137f1d8c5ff, type: 2}
  m_IsPrefabParent: 0
--- !u!1001 &776782653
Prefab:
  m_ObjectHideFlags: 0
  serializedVersion: 2
  m_Modification:
    m_TransformParent: {fileID: 736180173}
    m_Modifications:
    - target: {fileID: 4000013639122918, guid: 41fc878c6f2b61a43b0dac77139b8699, type: 2}
      propertyPath: m_LocalPosition.x
      value: 0
      objectReference: {fileID: 0}
    - target: {fileID: 4000013639122918, guid: 41fc878c6f2b61a43b0dac77139b8699, type: 2}
      propertyPath: m_LocalPosition.y
      value: 0
      objectReference: {fileID: 0}
    - target: {fileID: 4000013639122918, guid: 41fc878c6f2b61a43b0dac77139b8699, type: 2}
      propertyPath: m_LocalPosition.z
      value: 1.4666667
      objectReference: {fileID: 0}
    - target: {fileID: 4000013639122918, guid: 41fc878c6f2b61a43b0dac77139b8699, type: 2}
      propertyPath: m_LocalRotation.x
      value: -0
      objectReference: {fileID: 0}
    - target: {fileID: 4000013639122918, guid: 41fc878c6f2b61a43b0dac77139b8699, type: 2}
      propertyPath: m_LocalRotation.y
      value: -0
      objectReference: {fileID: 0}
    - target: {fileID: 4000013639122918, guid: 41fc878c6f2b61a43b0dac77139b8699, type: 2}
      propertyPath: m_LocalRotation.z
      value: -0
      objectReference: {fileID: 0}
    - target: {fileID: 4000013639122918, guid: 41fc878c6f2b61a43b0dac77139b8699, type: 2}
      propertyPath: m_LocalRotation.w
      value: 1
      objectReference: {fileID: 0}
    - target: {fileID: 4000013639122918, guid: 41fc878c6f2b61a43b0dac77139b8699, type: 2}
      propertyPath: m_RootOrder
      value: 3
      objectReference: {fileID: 0}
    - target: {fileID: 4000013639122918, guid: 41fc878c6f2b61a43b0dac77139b8699, type: 2}
      propertyPath: m_LocalScale.x
      value: 0.373
      objectReference: {fileID: 0}
    - target: {fileID: 4000013639122918, guid: 41fc878c6f2b61a43b0dac77139b8699, type: 2}
      propertyPath: m_LocalScale.y
      value: 0.373
      objectReference: {fileID: 0}
    - target: {fileID: 4000013639122918, guid: 41fc878c6f2b61a43b0dac77139b8699, type: 2}
      propertyPath: m_LocalScale.z
      value: 0.373
      objectReference: {fileID: 0}
    m_RemovedComponents: []
  m_ParentPrefab: {fileID: 100100000, guid: 41fc878c6f2b61a43b0dac77139b8699, type: 2}
  m_IsPrefabParent: 0
--- !u!4 &783219431 stripped
Transform:
  m_PrefabParentObject: {fileID: 4000013840752454, guid: 2d37486c38b4ca340a91eb8a07ccb051,
    type: 2}
  m_PrefabInternal: {fileID: 735437422}
--- !u!4 &798507839 stripped
Transform:
  m_PrefabParentObject: {fileID: 4000012245795756, guid: e7c71fb207ff5d04b9c4659582113db0,
    type: 2}
  m_PrefabInternal: {fileID: 1647974037}
--- !u!1001 &801198271
Prefab:
  m_ObjectHideFlags: 0
  serializedVersion: 2
  m_Modification:
    m_TransformParent: {fileID: 798507839}
    m_Modifications:
    - target: {fileID: 4000014013872214, guid: 984625f855de3ee43af4a8650efb8835, type: 2}
      propertyPath: m_LocalPosition.x
      value: 1.0947368
      objectReference: {fileID: 0}
    - target: {fileID: 4000014013872214, guid: 984625f855de3ee43af4a8650efb8835, type: 2}
      propertyPath: m_LocalPosition.y
      value: 0
      objectReference: {fileID: 0}
    - target: {fileID: 4000014013872214, guid: 984625f855de3ee43af4a8650efb8835, type: 2}
      propertyPath: m_LocalPosition.z
      value: 0
      objectReference: {fileID: 0}
    - target: {fileID: 4000014013872214, guid: 984625f855de3ee43af4a8650efb8835, type: 2}
      propertyPath: m_LocalRotation.x
      value: -0
      objectReference: {fileID: 0}
    - target: {fileID: 4000014013872214, guid: 984625f855de3ee43af4a8650efb8835, type: 2}
      propertyPath: m_LocalRotation.y
      value: -0
      objectReference: {fileID: 0}
    - target: {fileID: 4000014013872214, guid: 984625f855de3ee43af4a8650efb8835, type: 2}
      propertyPath: m_LocalRotation.z
      value: -0
      objectReference: {fileID: 0}
    - target: {fileID: 4000014013872214, guid: 984625f855de3ee43af4a8650efb8835, type: 2}
      propertyPath: m_LocalRotation.w
      value: 1
      objectReference: {fileID: 0}
    - target: {fileID: 4000014013872214, guid: 984625f855de3ee43af4a8650efb8835, type: 2}
      propertyPath: m_RootOrder
      value: 0
      objectReference: {fileID: 0}
    - target: {fileID: 4000014013872214, guid: 984625f855de3ee43af4a8650efb8835, type: 2}
      propertyPath: m_LocalScale.x
      value: 0.2631579
      objectReference: {fileID: 0}
    - target: {fileID: 4000014013872214, guid: 984625f855de3ee43af4a8650efb8835, type: 2}
      propertyPath: m_LocalScale.y
      value: 0.2631579
      objectReference: {fileID: 0}
    - target: {fileID: 4000014013872214, guid: 984625f855de3ee43af4a8650efb8835, type: 2}
      propertyPath: m_LocalScale.z
      value: 0.2631579
      objectReference: {fileID: 0}
    m_RemovedComponents: []
  m_ParentPrefab: {fileID: 100100000, guid: 984625f855de3ee43af4a8650efb8835, type: 2}
  m_IsPrefabParent: 0
--- !u!1001 &858032333
Prefab:
  m_ObjectHideFlags: 0
  serializedVersion: 2
  m_Modification:
    m_TransformParent: {fileID: 783219431}
    m_Modifications:
    - target: {fileID: 4000013146551716, guid: 1e9d06444fdaa5d4f9d957213d5ffb50, type: 2}
      propertyPath: m_LocalPosition.x
      value: 0
      objectReference: {fileID: 0}
    - target: {fileID: 4000013146551716, guid: 1e9d06444fdaa5d4f9d957213d5ffb50, type: 2}
      propertyPath: m_LocalPosition.y
      value: 0.18217823
      objectReference: {fileID: 0}
    - target: {fileID: 4000013146551716, guid: 1e9d06444fdaa5d4f9d957213d5ffb50, type: 2}
      propertyPath: m_LocalPosition.z
      value: 1.1237624
      objectReference: {fileID: 0}
    - target: {fileID: 4000013146551716, guid: 1e9d06444fdaa5d4f9d957213d5ffb50, type: 2}
      propertyPath: m_LocalRotation.x
      value: -0
      objectReference: {fileID: 0}
    - target: {fileID: 4000013146551716, guid: 1e9d06444fdaa5d4f9d957213d5ffb50, type: 2}
      propertyPath: m_LocalRotation.y
      value: -0
      objectReference: {fileID: 0}
    - target: {fileID: 4000013146551716, guid: 1e9d06444fdaa5d4f9d957213d5ffb50, type: 2}
      propertyPath: m_LocalRotation.z
      value: -0
      objectReference: {fileID: 0}
    - target: {fileID: 4000013146551716, guid: 1e9d06444fdaa5d4f9d957213d5ffb50, type: 2}
      propertyPath: m_LocalRotation.w
      value: 1
      objectReference: {fileID: 0}
    - target: {fileID: 4000013146551716, guid: 1e9d06444fdaa5d4f9d957213d5ffb50, type: 2}
      propertyPath: m_RootOrder
      value: 1
      objectReference: {fileID: 0}
    - target: {fileID: 4000013146551716, guid: 1e9d06444fdaa5d4f9d957213d5ffb50, type: 2}
      propertyPath: m_LocalScale.x
      value: 0.074257426
      objectReference: {fileID: 0}
    - target: {fileID: 4000013146551716, guid: 1e9d06444fdaa5d4f9d957213d5ffb50, type: 2}
      propertyPath: m_LocalScale.y
      value: 0.074257426
      objectReference: {fileID: 0}
    - target: {fileID: 4000013146551716, guid: 1e9d06444fdaa5d4f9d957213d5ffb50, type: 2}
      propertyPath: m_LocalScale.z
      value: 0.024752475
      objectReference: {fileID: 0}
    m_RemovedComponents: []
  m_ParentPrefab: {fileID: 100100000, guid: 1e9d06444fdaa5d4f9d957213d5ffb50, type: 2}
  m_IsPrefabParent: 0
--- !u!1001 &928996663
Prefab:
  m_ObjectHideFlags: 0
  serializedVersion: 2
  m_Modification:
    m_TransformParent: {fileID: 721955014}
    m_Modifications:
    - target: {fileID: 4000013392137756, guid: a736eb070ac98cd4bb6f1397b4a81848, type: 2}
      propertyPath: m_LocalPosition.x
      value: 1.1666687
      objectReference: {fileID: 0}
    - target: {fileID: 4000013392137756, guid: a736eb070ac98cd4bb6f1397b4a81848, type: 2}
      propertyPath: m_LocalPosition.y
      value: 0
      objectReference: {fileID: 0}
    - target: {fileID: 4000013392137756, guid: a736eb070ac98cd4bb6f1397b4a81848, type: 2}
      propertyPath: m_LocalPosition.z
      value: -2.5999966
      objectReference: {fileID: 0}
    - target: {fileID: 4000013392137756, guid: a736eb070ac98cd4bb6f1397b4a81848, type: 2}
      propertyPath: m_LocalRotation.x
      value: -0
      objectReference: {fileID: 0}
    - target: {fileID: 4000013392137756, guid: a736eb070ac98cd4bb6f1397b4a81848, type: 2}
      propertyPath: m_LocalRotation.y
      value: -0
      objectReference: {fileID: 0}
    - target: {fileID: 4000013392137756, guid: a736eb070ac98cd4bb6f1397b4a81848, type: 2}
      propertyPath: m_LocalRotation.z
      value: -0
      objectReference: {fileID: 0}
    - target: {fileID: 4000013392137756, guid: a736eb070ac98cd4bb6f1397b4a81848, type: 2}
      propertyPath: m_LocalRotation.w
      value: 1
      objectReference: {fileID: 0}
    - target: {fileID: 4000013392137756, guid: a736eb070ac98cd4bb6f1397b4a81848, type: 2}
      propertyPath: m_RootOrder
      value: 0
      objectReference: {fileID: 0}
    - target: {fileID: 4000013392137756, guid: a736eb070ac98cd4bb6f1397b4a81848, type: 2}
      propertyPath: m_LocalScale.x
      value: 0.6
      objectReference: {fileID: 0}
    - target: {fileID: 4000013392137756, guid: a736eb070ac98cd4bb6f1397b4a81848, type: 2}
      propertyPath: m_LocalScale.y
      value: 0.6
      objectReference: {fileID: 0}
    - target: {fileID: 4000013392137756, guid: a736eb070ac98cd4bb6f1397b4a81848, type: 2}
      propertyPath: m_LocalScale.z
      value: 0.6000002
      objectReference: {fileID: 0}
    m_RemovedComponents: []
  m_ParentPrefab: {fileID: 100100000, guid: a736eb070ac98cd4bb6f1397b4a81848, type: 2}
  m_IsPrefabParent: 0
--- !u!1 &960115651
GameObject:
  m_ObjectHideFlags: 0
  m_PrefabParentObject: {fileID: 0}
  m_PrefabInternal: {fileID: 0}
  serializedVersion: 4
  m_Component:
  - 4: {fileID: 960115656}
  - 20: {fileID: 960115655}
  - 124: {fileID: 960115654}
  - 92: {fileID: 960115653}
  - 81: {fileID: 960115652}
  m_Layer: 0
  m_Name: Camera
  m_TagString: Untagged
  m_Icon: {fileID: 0}
  m_NavMeshLayer: 0
  m_StaticEditorFlags: 0
  m_IsActive: 1
--- !u!81 &960115652
AudioListener:
  m_ObjectHideFlags: 0
  m_PrefabParentObject: {fileID: 0}
  m_PrefabInternal: {fileID: 0}
  m_GameObject: {fileID: 960115651}
  m_Enabled: 1
--- !u!92 &960115653
Behaviour:
  m_ObjectHideFlags: 0
  m_PrefabParentObject: {fileID: 0}
  m_PrefabInternal: {fileID: 0}
  m_GameObject: {fileID: 960115651}
  m_Enabled: 1
--- !u!124 &960115654
Behaviour:
  m_ObjectHideFlags: 0
  m_PrefabParentObject: {fileID: 0}
  m_PrefabInternal: {fileID: 0}
  m_GameObject: {fileID: 960115651}
  m_Enabled: 1
--- !u!20 &960115655
Camera:
  m_ObjectHideFlags: 0
  m_PrefabParentObject: {fileID: 0}
  m_PrefabInternal: {fileID: 0}
  m_GameObject: {fileID: 960115651}
  m_Enabled: 1
  serializedVersion: 2
  m_ClearFlags: 1
  m_BackGroundColor: {r: 0.19215687, g: 0.3019608, b: 0.4745098, a: 0}
  m_NormalizedViewPortRect:
    serializedVersion: 2
    x: 0
    y: 0
    width: 1
    height: 1
  near clip plane: 0.3
  far clip plane: 1000
  field of view: 60
  orthographic: 0
  orthographic size: 5
  m_Depth: 0
  m_CullingMask:
    serializedVersion: 2
    m_Bits: 4294967295
  m_RenderingPath: -1
  m_TargetTexture: {fileID: 0}
  m_TargetDisplay: 0
  m_TargetEye: 3
  m_HDR: 0
  m_OcclusionCulling: 1
  m_StereoConvergence: 10
  m_StereoSeparation: 0.022
  m_StereoMirrorMode: 0
--- !u!4 &960115656
Transform:
  m_ObjectHideFlags: 0
  m_PrefabParentObject: {fileID: 0}
  m_PrefabInternal: {fileID: 0}
  m_GameObject: {fileID: 960115651}
  m_LocalRotation: {x: -0.13187827, y: -0.026169632, z: 0.0034827965, w: -0.99091434}
  m_LocalPosition: {x: -0.113330625, y: 2.6402602, z: -4.989929}
  m_LocalScale: {x: 1, y: 1, z: 1}
  m_LocalEulerAnglesHint: {x: 0, y: 0, z: 0}
  m_Children: []
  m_Father: {fileID: 380509399}
  m_RootOrder: 2
--- !u!1001 &972751894
Prefab:
  m_ObjectHideFlags: 0
  serializedVersion: 2
  m_Modification:
    m_TransformParent: {fileID: 736180173}
    m_Modifications:
    - target: {fileID: 4000012063657360, guid: b91929c470943534d95c756358a97ea7, type: 2}
      propertyPath: m_LocalPosition.x
      value: 0
      objectReference: {fileID: 0}
    - target: {fileID: 4000012063657360, guid: b91929c470943534d95c756358a97ea7, type: 2}
      propertyPath: m_LocalPosition.y
      value: 0
      objectReference: {fileID: 0}
    - target: {fileID: 4000012063657360, guid: b91929c470943534d95c756358a97ea7, type: 2}
      propertyPath: m_LocalPosition.z
      value: 2.9510667
      objectReference: {fileID: 0}
    - target: {fileID: 4000012063657360, guid: b91929c470943534d95c756358a97ea7, type: 2}
      propertyPath: m_LocalRotation.x
      value: -0
      objectReference: {fileID: 0}
    - target: {fileID: 4000012063657360, guid: b91929c470943534d95c756358a97ea7, type: 2}
      propertyPath: m_LocalRotation.y
      value: -0
      objectReference: {fileID: 0}
    - target: {fileID: 4000012063657360, guid: b91929c470943534d95c756358a97ea7, type: 2}
      propertyPath: m_LocalRotation.z
      value: -0
      objectReference: {fileID: 0}
    - target: {fileID: 4000012063657360, guid: b91929c470943534d95c756358a97ea7, type: 2}
      propertyPath: m_LocalRotation.w
      value: 1
      objectReference: {fileID: 0}
    - target: {fileID: 4000012063657360, guid: b91929c470943534d95c756358a97ea7, type: 2}
      propertyPath: m_RootOrder
      value: 1
      objectReference: {fileID: 0}
    - target: {fileID: 4000012063657360, guid: b91929c470943534d95c756358a97ea7, type: 2}
      propertyPath: m_LocalScale.x
      value: 0.12933333
      objectReference: {fileID: 0}
    - target: {fileID: 4000012063657360, guid: b91929c470943534d95c756358a97ea7, type: 2}
      propertyPath: m_LocalScale.y
      value: 0.12933333
      objectReference: {fileID: 0}
    - target: {fileID: 4000012063657360, guid: b91929c470943534d95c756358a97ea7, type: 2}
      propertyPath: m_LocalScale.z
      value: 0.12933333
      objectReference: {fileID: 0}
    m_RemovedComponents: []
  m_ParentPrefab: {fileID: 100100000, guid: b91929c470943534d95c756358a97ea7, type: 2}
  m_IsPrefabParent: 0
--- !u!4 &993943044 stripped
Transform:
  m_PrefabParentObject: {fileID: 4000010401556076, guid: 2f6333dc0e1604f4bab23ba216bc34f7,
    type: 2}
  m_PrefabInternal: {fileID: 2108198572}
--- !u!1001 &1035556701
Prefab:
  m_ObjectHideFlags: 0
  serializedVersion: 2
  m_Modification:
    m_TransformParent: {fileID: 2081488970}
    m_Modifications:
    - target: {fileID: 4000013463296136, guid: ef8945f3e3030fe438c821a3a5a5af56, type: 2}
      propertyPath: m_LocalPosition.x
      value: -1.0099999
      objectReference: {fileID: 0}
    - target: {fileID: 4000013463296136, guid: ef8945f3e3030fe438c821a3a5a5af56, type: 2}
      propertyPath: m_LocalPosition.y
      value: 0
      objectReference: {fileID: 0}
    - target: {fileID: 4000013463296136, guid: ef8945f3e3030fe438c821a3a5a5af56, type: 2}
      propertyPath: m_LocalPosition.z
      value: 0
      objectReference: {fileID: 0}
    - target: {fileID: 4000013463296136, guid: ef8945f3e3030fe438c821a3a5a5af56, type: 2}
      propertyPath: m_LocalRotation.x
      value: -0
      objectReference: {fileID: 0}
    - target: {fileID: 4000013463296136, guid: ef8945f3e3030fe438c821a3a5a5af56, type: 2}
      propertyPath: m_LocalRotation.y
      value: -0
      objectReference: {fileID: 0}
    - target: {fileID: 4000013463296136, guid: ef8945f3e3030fe438c821a3a5a5af56, type: 2}
      propertyPath: m_LocalRotation.z
      value: -0
      objectReference: {fileID: 0}
    - target: {fileID: 4000013463296136, guid: ef8945f3e3030fe438c821a3a5a5af56, type: 2}
      propertyPath: m_LocalRotation.w
      value: 1
      objectReference: {fileID: 0}
    - target: {fileID: 4000013463296136, guid: ef8945f3e3030fe438c821a3a5a5af56, type: 2}
      propertyPath: m_RootOrder
      value: 0
      objectReference: {fileID: 0}
    - target: {fileID: 4000013463296136, guid: ef8945f3e3030fe438c821a3a5a5af56, type: 2}
      propertyPath: m_LocalScale.x
      value: 0.20618556
      objectReference: {fileID: 0}
    - target: {fileID: 4000013463296136, guid: ef8945f3e3030fe438c821a3a5a5af56, type: 2}
      propertyPath: m_LocalScale.y
      value: 0.19329897
      objectReference: {fileID: 0}
    - target: {fileID: 4000013463296136, guid: ef8945f3e3030fe438c821a3a5a5af56, type: 2}
      propertyPath: m_LocalScale.z
      value: 0.19329897
      objectReference: {fileID: 0}
    m_RemovedComponents: []
  m_ParentPrefab: {fileID: 100100000, guid: ef8945f3e3030fe438c821a3a5a5af56, type: 2}
  m_IsPrefabParent: 0
--- !u!1 &1255455644
GameObject:
  m_ObjectHideFlags: 0
  m_PrefabParentObject: {fileID: 0}
  m_PrefabInternal: {fileID: 0}
  serializedVersion: 4
  m_Component:
  - 224: {fileID: 1255455648}
  - 223: {fileID: 1255455647}
  - 114: {fileID: 1255455646}
  - 114: {fileID: 1255455645}
  m_Layer: 5
  m_Name: Canvas
  m_TagString: Untagged
  m_Icon: {fileID: 0}
  m_NavMeshLayer: 0
  m_StaticEditorFlags: 0
  m_IsActive: 1
--- !u!114 &1255455645
MonoBehaviour:
  m_ObjectHideFlags: 0
  m_PrefabParentObject: {fileID: 0}
  m_PrefabInternal: {fileID: 0}
  m_GameObject: {fileID: 1255455644}
  m_Enabled: 1
  m_EditorHideFlags: 0
  m_Script: {fileID: 1301386320, guid: f5f67c52d1564df4a8936ccd202a3bd8, type: 3}
  m_Name: 
  m_EditorClassIdentifier: 
  m_IgnoreReversedGraphics: 1
  m_BlockingObjects: 0
  m_BlockingMask:
    serializedVersion: 2
    m_Bits: 4294967295
--- !u!114 &1255455646
MonoBehaviour:
  m_ObjectHideFlags: 0
  m_PrefabParentObject: {fileID: 0}
  m_PrefabInternal: {fileID: 0}
  m_GameObject: {fileID: 1255455644}
  m_Enabled: 1
  m_EditorHideFlags: 0
  m_Script: {fileID: 1980459831, guid: f5f67c52d1564df4a8936ccd202a3bd8, type: 3}
  m_Name: 
  m_EditorClassIdentifier: 
  m_UiScaleMode: 0
  m_ReferencePixelsPerUnit: 100
  m_ScaleFactor: 1
  m_ReferenceResolution: {x: 800, y: 600}
  m_ScreenMatchMode: 0
  m_MatchWidthOrHeight: 0
  m_PhysicalUnit: 3
  m_FallbackScreenDPI: 96
  m_DefaultSpriteDPI: 96
  m_DynamicPixelsPerUnit: 1
--- !u!223 &1255455647
Canvas:
  m_ObjectHideFlags: 0
  m_PrefabParentObject: {fileID: 0}
  m_PrefabInternal: {fileID: 0}
  m_GameObject: {fileID: 1255455644}
  m_Enabled: 1
  serializedVersion: 2
  m_RenderMode: 0
  m_Camera: {fileID: 0}
  m_PlaneDistance: 100
  m_PixelPerfect: 0
  m_ReceivesEvents: 1
  m_OverrideSorting: 0
  m_OverridePixelPerfect: 0
  m_SortingBucketNormalizedSize: 0
  m_SortingLayerID: 0
  m_SortingOrder: 0
  m_TargetDisplay: 0
--- !u!224 &1255455648
RectTransform:
  m_ObjectHideFlags: 0
  m_PrefabParentObject: {fileID: 0}
  m_PrefabInternal: {fileID: 0}
  m_GameObject: {fileID: 1255455644}
  m_LocalRotation: {x: 0, y: 0, z: 0, w: 1}
  m_LocalPosition: {x: 0, y: 0, z: 0}
  m_LocalScale: {x: 0, y: 0, z: 0}
  m_LocalEulerAnglesHint: {x: 0, y: 0, z: 0}
  m_Children:
  - {fileID: 233485124}
  - {fileID: 337983378}
  m_Father: {fileID: 0}
  m_RootOrder: 6
  m_AnchorMin: {x: 0, y: 0}
  m_AnchorMax: {x: 0, y: 0}
  m_AnchoredPosition: {x: 0, y: 0}
  m_SizeDelta: {x: 0, y: 0}
  m_Pivot: {x: 0, y: 0}
--- !u!1001 &1324490983
Prefab:
  m_ObjectHideFlags: 0
  serializedVersion: 2
  m_Modification:
    m_TransformParent: {fileID: 721955014}
    m_Modifications:
    - target: {fileID: 4000010617339688, guid: 2263fc284efe78140af7bbd7f931101c, type: 2}
      propertyPath: m_LocalPosition.x
      value: 0
      objectReference: {fileID: 0}
    - target: {fileID: 4000010617339688, guid: 2263fc284efe78140af7bbd7f931101c, type: 2}
      propertyPath: m_LocalPosition.y
      value: 0
      objectReference: {fileID: 0}
    - target: {fileID: 4000010617339688, guid: 2263fc284efe78140af7bbd7f931101c, type: 2}
      propertyPath: m_LocalPosition.z
      value: -1.7199966
      objectReference: {fileID: 0}
    - target: {fileID: 4000010617339688, guid: 2263fc284efe78140af7bbd7f931101c, type: 2}
      propertyPath: m_LocalRotation.x
      value: -0
      objectReference: {fileID: 0}
    - target: {fileID: 4000010617339688, guid: 2263fc284efe78140af7bbd7f931101c, type: 2}
      propertyPath: m_LocalRotation.y
      value: -0
      objectReference: {fileID: 0}
    - target: {fileID: 4000010617339688, guid: 2263fc284efe78140af7bbd7f931101c, type: 2}
      propertyPath: m_LocalRotation.z
      value: -0
      objectReference: {fileID: 0}
    - target: {fileID: 4000010617339688, guid: 2263fc284efe78140af7bbd7f931101c, type: 2}
      propertyPath: m_LocalRotation.w
      value: 1
      objectReference: {fileID: 0}
    - target: {fileID: 4000010617339688, guid: 2263fc284efe78140af7bbd7f931101c, type: 2}
      propertyPath: m_RootOrder
      value: 1
      objectReference: {fileID: 0}
    - target: {fileID: 4000010617339688, guid: 2263fc284efe78140af7bbd7f931101c, type: 2}
      propertyPath: m_LocalScale.x
      value: 0.8
      objectReference: {fileID: 0}
    - target: {fileID: 4000010617339688, guid: 2263fc284efe78140af7bbd7f931101c, type: 2}
      propertyPath: m_LocalScale.y
      value: 0.8666667
      objectReference: {fileID: 0}
    - target: {fileID: 4000010617339688, guid: 2263fc284efe78140af7bbd7f931101c, type: 2}
      propertyPath: m_LocalScale.z
      value: 0.6666668
      objectReference: {fileID: 0}
    m_RemovedComponents: []
  m_ParentPrefab: {fileID: 100100000, guid: 2263fc284efe78140af7bbd7f931101c, type: 2}
  m_IsPrefabParent: 0
--- !u!4 &1331262625 stripped
Transform:
  m_PrefabParentObject: {fileID: 4000013639122918, guid: 41fc878c6f2b61a43b0dac77139b8699,
    type: 2}
  m_PrefabInternal: {fileID: 776782653}
--- !u!1001 &1435351115
Prefab:
  m_ObjectHideFlags: 0
  serializedVersion: 2
  m_Modification:
    m_TransformParent: {fileID: 1654571626}
    m_Modifications:
    - target: {fileID: 4000011511935862, guid: a5272f8154dc6184a976a02efc18d876, type: 2}
      propertyPath: m_LocalPosition.x
      value: -1.0336844
      objectReference: {fileID: 0}
    - target: {fileID: 4000011511935862, guid: a5272f8154dc6184a976a02efc18d876, type: 2}
      propertyPath: m_LocalPosition.y
      value: 0
      objectReference: {fileID: 0}
    - target: {fileID: 4000011511935862, guid: a5272f8154dc6184a976a02efc18d876, type: 2}
      propertyPath: m_LocalPosition.z
      value: 0
      objectReference: {fileID: 0}
    - target: {fileID: 4000011511935862, guid: a5272f8154dc6184a976a02efc18d876, type: 2}
      propertyPath: m_LocalRotation.x
      value: -0
      objectReference: {fileID: 0}
    - target: {fileID: 4000011511935862, guid: a5272f8154dc6184a976a02efc18d876, type: 2}
      propertyPath: m_LocalRotation.y
      value: -0
      objectReference: {fileID: 0}
    - target: {fileID: 4000011511935862, guid: a5272f8154dc6184a976a02efc18d876, type: 2}
      propertyPath: m_LocalRotation.z
      value: -0
      objectReference: {fileID: 0}
    - target: {fileID: 4000011511935862, guid: a5272f8154dc6184a976a02efc18d876, type: 2}
      propertyPath: m_LocalRotation.w
      value: 1
      objectReference: {fileID: 0}
    - target: {fileID: 4000011511935862, guid: a5272f8154dc6184a976a02efc18d876, type: 2}
      propertyPath: m_RootOrder
      value: 0
      objectReference: {fileID: 0}
    - target: {fileID: 4000011511935862, guid: a5272f8154dc6184a976a02efc18d876, type: 2}
      propertyPath: m_LocalScale.x
      value: 0.15789476
      objectReference: {fileID: 0}
    - target: {fileID: 4000011511935862, guid: a5272f8154dc6184a976a02efc18d876, type: 2}
      propertyPath: m_LocalScale.y
      value: 0.15789476
      objectReference: {fileID: 0}
    - target: {fileID: 4000011511935862, guid: a5272f8154dc6184a976a02efc18d876, type: 2}
      propertyPath: m_LocalScale.z
      value: 0.15789476
      objectReference: {fileID: 0}
    m_RemovedComponents: []
  m_ParentPrefab: {fileID: 100100000, guid: a5272f8154dc6184a976a02efc18d876, type: 2}
  m_IsPrefabParent: 0
--- !u!1001 &1476092598
Prefab:
  m_ObjectHideFlags: 0
  serializedVersion: 2
  m_Modification:
    m_TransformParent: {fileID: 993943044}
    m_Modifications:
    - target: {fileID: 4000011872674664, guid: 50676189cee8d1948b3b7eeff1ef51a7, type: 2}
      propertyPath: m_LocalPosition.x
      value: 0
      objectReference: {fileID: 0}
    - target: {fileID: 4000011872674664, guid: 50676189cee8d1948b3b7eeff1ef51a7, type: 2}
      propertyPath: m_LocalPosition.y
      value: 0
      objectReference: {fileID: 0}
    - target: {fileID: 4000011872674664, guid: 50676189cee8d1948b3b7eeff1ef51a7, type: 2}
      propertyPath: m_LocalPosition.z
      value: -1.8905658
      objectReference: {fileID: 0}
    - target: {fileID: 4000011872674664, guid: 50676189cee8d1948b3b7eeff1ef51a7, type: 2}
      propertyPath: m_LocalRotation.x
      value: -0
      objectReference: {fileID: 0}
    - target: {fileID: 4000011872674664, guid: 50676189cee8d1948b3b7eeff1ef51a7, type: 2}
      propertyPath: m_LocalRotation.y
      value: -0
      objectReference: {fileID: 0}
    - target: {fileID: 4000011872674664, guid: 50676189cee8d1948b3b7eeff1ef51a7, type: 2}
      propertyPath: m_LocalRotation.z
      value: -0
      objectReference: {fileID: 0}
    - target: {fileID: 4000011872674664, guid: 50676189cee8d1948b3b7eeff1ef51a7, type: 2}
      propertyPath: m_LocalRotation.w
      value: 1
      objectReference: {fileID: 0}
    - target: {fileID: 4000011872674664, guid: 50676189cee8d1948b3b7eeff1ef51a7, type: 2}
      propertyPath: m_RootOrder
      value: 1
      objectReference: {fileID: 0}
    - target: {fileID: 4000011872674664, guid: 50676189cee8d1948b3b7eeff1ef51a7, type: 2}
      propertyPath: m_LocalScale.x
      value: 0.2641509
      objectReference: {fileID: 0}
    - target: {fileID: 4000011872674664, guid: 50676189cee8d1948b3b7eeff1ef51a7, type: 2}
      propertyPath: m_LocalScale.y
      value: 0.2641509
      objectReference: {fileID: 0}
    - target: {fileID: 4000011872674664, guid: 50676189cee8d1948b3b7eeff1ef51a7, type: 2}
      propertyPath: m_LocalScale.z
      value: 0.2641509
      objectReference: {fileID: 0}
    m_RemovedComponents: []
  m_ParentPrefab: {fileID: 100100000, guid: 50676189cee8d1948b3b7eeff1ef51a7, type: 2}
  m_IsPrefabParent: 0
--- !u!1 &1527374248 stripped
GameObject:
  m_PrefabParentObject: {fileID: 104896, guid: 187d3e557b2b2334486c4afcb97a79e7, type: 2}
  m_PrefabInternal: {fileID: 1643296963}
--- !u!54 &1527374249
Rigidbody:
  m_ObjectHideFlags: 0
  m_PrefabParentObject: {fileID: 0}
  m_PrefabInternal: {fileID: 0}
  m_GameObject: {fileID: 1527374248}
  serializedVersion: 2
  m_Mass: 1
  m_Drag: 0
  m_AngularDrag: 0.05
  m_UseGravity: 0
  m_IsKinematic: 1
  m_Interpolate: 0
  m_Constraints: 0
  m_CollisionDetection: 0
--- !u!1001 &1571879777
Prefab:
  m_ObjectHideFlags: 0
  serializedVersion: 2
  m_Modification:
    m_TransformParent: {fileID: 496163155}
    m_Modifications:
    - target: {fileID: 4000012318830706, guid: 6c61e0e3d80a9744ca2f89d0f654622e, type: 2}
      propertyPath: m_LocalPosition.x
      value: 0
      objectReference: {fileID: 0}
    - target: {fileID: 4000012318830706, guid: 6c61e0e3d80a9744ca2f89d0f654622e, type: 2}
      propertyPath: m_LocalPosition.y
      value: 0
      objectReference: {fileID: 0}
    - target: {fileID: 4000012318830706, guid: 6c61e0e3d80a9744ca2f89d0f654622e, type: 2}
      propertyPath: m_LocalPosition.z
      value: 1.5280008
      objectReference: {fileID: 0}
    - target: {fileID: 4000012318830706, guid: 6c61e0e3d80a9744ca2f89d0f654622e, type: 2}
      propertyPath: m_LocalRotation.x
      value: -0
      objectReference: {fileID: 0}
    - target: {fileID: 4000012318830706, guid: 6c61e0e3d80a9744ca2f89d0f654622e, type: 2}
      propertyPath: m_LocalRotation.y
      value: -0
      objectReference: {fileID: 0}
    - target: {fileID: 4000012318830706, guid: 6c61e0e3d80a9744ca2f89d0f654622e, type: 2}
      propertyPath: m_LocalRotation.z
      value: -0
      objectReference: {fileID: 0}
    - target: {fileID: 4000012318830706, guid: 6c61e0e3d80a9744ca2f89d0f654622e, type: 2}
      propertyPath: m_LocalRotation.w
      value: 1
      objectReference: {fileID: 0}
    - target: {fileID: 4000012318830706, guid: 6c61e0e3d80a9744ca2f89d0f654622e, type: 2}
      propertyPath: m_RootOrder
      value: 0
      objectReference: {fileID: 0}
    - target: {fileID: 4000012318830706, guid: 6c61e0e3d80a9744ca2f89d0f654622e, type: 2}
      propertyPath: m_LocalScale.x
      value: 0.27
      objectReference: {fileID: 0}
    - target: {fileID: 4000012318830706, guid: 6c61e0e3d80a9744ca2f89d0f654622e, type: 2}
      propertyPath: m_LocalScale.y
      value: 0.27
      objectReference: {fileID: 0}
    - target: {fileID: 4000012318830706, guid: 6c61e0e3d80a9744ca2f89d0f654622e, type: 2}
      propertyPath: m_LocalScale.z
      value: 0.27
      objectReference: {fileID: 0}
    m_RemovedComponents: []
  m_ParentPrefab: {fileID: 100100000, guid: 6c61e0e3d80a9744ca2f89d0f654622e, type: 2}
  m_IsPrefabParent: 0
--- !u!1001 &1643296963
Prefab:
  m_ObjectHideFlags: 0
  serializedVersion: 2
  m_Modification:
    m_TransformParent: {fileID: 637343452}
    m_Modifications:
    - target: {fileID: 469586, guid: 187d3e557b2b2334486c4afcb97a79e7, type: 2}
      propertyPath: m_LocalPosition.x
      value: 0.009787233
      objectReference: {fileID: 0}
    - target: {fileID: 469586, guid: 187d3e557b2b2334486c4afcb97a79e7, type: 2}
      propertyPath: m_LocalPosition.y
      value: 0.00042553194
      objectReference: {fileID: 0}
    - target: {fileID: 469586, guid: 187d3e557b2b2334486c4afcb97a79e7, type: 2}
      propertyPath: m_LocalPosition.z
      value: -0.017659208
      objectReference: {fileID: 0}
    - target: {fileID: 469586, guid: 187d3e557b2b2334486c4afcb97a79e7, type: 2}
      propertyPath: m_LocalRotation.x
      value: 0.7071068
      objectReference: {fileID: 0}
    - target: {fileID: 469586, guid: 187d3e557b2b2334486c4afcb97a79e7, type: 2}
      propertyPath: m_LocalRotation.y
      value: -0
      objectReference: {fileID: 0}
    - target: {fileID: 469586, guid: 187d3e557b2b2334486c4afcb97a79e7, type: 2}
      propertyPath: m_LocalRotation.z
      value: -0
      objectReference: {fileID: 0}
    - target: {fileID: 469586, guid: 187d3e557b2b2334486c4afcb97a79e7, type: 2}
      propertyPath: m_LocalRotation.w
      value: 0.7071068
      objectReference: {fileID: 0}
    - target: {fileID: 469586, guid: 187d3e557b2b2334486c4afcb97a79e7, type: 2}
      propertyPath: m_RootOrder
      value: 2
      objectReference: {fileID: 0}
    - target: {fileID: 469586, guid: 187d3e557b2b2334486c4afcb97a79e7, type: 2}
      propertyPath: m_LocalScale.x
      value: 0.14893617
      objectReference: {fileID: 0}
    - target: {fileID: 469586, guid: 187d3e557b2b2334486c4afcb97a79e7, type: 2}
      propertyPath: m_LocalScale.y
      value: 0.14893635
      objectReference: {fileID: 0}
    - target: {fileID: 469586, guid: 187d3e557b2b2334486c4afcb97a79e7, type: 2}
      propertyPath: m_LocalScale.z
      value: 0.014893625
      objectReference: {fileID: 0}
    - target: {fileID: 469586, guid: 187d3e557b2b2334486c4afcb97a79e7, type: 2}
      propertyPath: m_LocalEulerAnglesHint.x
      value: 90
      objectReference: {fileID: 0}
    m_RemovedComponents: []
  m_ParentPrefab: {fileID: 100100000, guid: 187d3e557b2b2334486c4afcb97a79e7, type: 2}
  m_IsPrefabParent: 0
--- !u!1001 &1647974037
Prefab:
  m_ObjectHideFlags: 0
  serializedVersion: 2
  m_Modification:
    m_TransformParent: {fileID: 736180173}
    m_Modifications:
    - target: {fileID: 4000012245795756, guid: e7c71fb207ff5d04b9c4659582113db0, type: 2}
      propertyPath: m_LocalPosition.x
      value: 0
      objectReference: {fileID: 0}
    - target: {fileID: 4000012245795756, guid: e7c71fb207ff5d04b9c4659582113db0, type: 2}
      propertyPath: m_LocalPosition.y
      value: 0
      objectReference: {fileID: 0}
    - target: {fileID: 4000012245795756, guid: e7c71fb207ff5d04b9c4659582113db0, type: 2}
      propertyPath: m_LocalPosition.z
      value: 0.6
      objectReference: {fileID: 0}
    - target: {fileID: 4000012245795756, guid: e7c71fb207ff5d04b9c4659582113db0, type: 2}
      propertyPath: m_LocalRotation.x
      value: -0
      objectReference: {fileID: 0}
    - target: {fileID: 4000012245795756, guid: e7c71fb207ff5d04b9c4659582113db0, type: 2}
      propertyPath: m_LocalRotation.y
      value: -0
      objectReference: {fileID: 0}
    - target: {fileID: 4000012245795756, guid: e7c71fb207ff5d04b9c4659582113db0, type: 2}
      propertyPath: m_LocalRotation.z
      value: -0
      objectReference: {fileID: 0}
    - target: {fileID: 4000012245795756, guid: e7c71fb207ff5d04b9c4659582113db0, type: 2}
      propertyPath: m_LocalRotation.w
      value: 1
      objectReference: {fileID: 0}
    - target: {fileID: 4000012245795756, guid: e7c71fb207ff5d04b9c4659582113db0, type: 2}
      propertyPath: m_RootOrder
      value: 7
      objectReference: {fileID: 0}
    - target: {fileID: 4000012245795756, guid: e7c71fb207ff5d04b9c4659582113db0, type: 2}
      propertyPath: m_LocalScale.x
      value: 0.012666667
      objectReference: {fileID: 0}
    - target: {fileID: 4000012245795756, guid: e7c71fb207ff5d04b9c4659582113db0, type: 2}
      propertyPath: m_LocalScale.y
      value: 0.012666667
      objectReference: {fileID: 0}
    - target: {fileID: 4000012245795756, guid: e7c71fb207ff5d04b9c4659582113db0, type: 2}
      propertyPath: m_LocalScale.z
      value: 0.012666667
      objectReference: {fileID: 0}
    m_RemovedComponents: []
  m_ParentPrefab: {fileID: 100100000, guid: e7c71fb207ff5d04b9c4659582113db0, type: 2}
  m_IsPrefabParent: 0
--- !u!4 &1654571626 stripped
Transform:
  m_PrefabParentObject: {fileID: 4000011774026300, guid: 018aa097e7fb93241833a97f936e89a0,
    type: 2}
  m_PrefabInternal: {fileID: 2018580604}
--- !u!1 &1659282155
GameObject:
  m_ObjectHideFlags: 0
  m_PrefabParentObject: {fileID: 0}
  m_PrefabInternal: {fileID: 0}
  serializedVersion: 4
  m_Component:
  - 4: {fileID: 1659282159}
  - 33: {fileID: 1659282158}
  - 136: {fileID: 1659282157}
  - 23: {fileID: 1659282156}
  m_Layer: 0
  m_Name: OriginMarker
  m_TagString: Untagged
  m_Icon: {fileID: 0}
  m_NavMeshLayer: 0
  m_StaticEditorFlags: 0
  m_IsActive: 1
--- !u!23 &1659282156
MeshRenderer:
  m_ObjectHideFlags: 0
  m_PrefabParentObject: {fileID: 0}
  m_PrefabInternal: {fileID: 0}
  m_GameObject: {fileID: 1659282155}
  m_Enabled: 1
  m_CastShadows: 1
  m_ReceiveShadows: 1
  m_MotionVectors: 1
  m_LightProbeUsage: 1
  m_ReflectionProbeUsage: 1
  m_Materials:
  - {fileID: 2100000, guid: 3465c5d371e05484ba9a2fb820e3cc6b, type: 2}
  m_SubsetIndices: 
  m_StaticBatchRoot: {fileID: 0}
  m_ProbeAnchor: {fileID: 0}
  m_LightProbeVolumeOverride: {fileID: 0}
  m_ScaleInLightmap: 1
  m_PreserveUVs: 1
  m_IgnoreNormalsForChartDetection: 0
  m_ImportantGI: 0
  m_SelectedWireframeHidden: 0
  m_MinimumChartSize: 4
  m_AutoUVMaxDistance: 0.5
  m_AutoUVMaxAngle: 89
  m_LightmapParameters: {fileID: 0}
  m_SortingLayerID: 0
  m_SortingOrder: 0
--- !u!136 &1659282157
CapsuleCollider:
  m_ObjectHideFlags: 0
  m_PrefabParentObject: {fileID: 0}
  m_PrefabInternal: {fileID: 0}
  m_GameObject: {fileID: 1659282155}
  m_Material: {fileID: 0}
  m_IsTrigger: 0
  m_Enabled: 1
  m_Radius: 0.5
  m_Height: 2
  m_Direction: 1
  m_Center: {x: 0, y: 0, z: 0}
--- !u!33 &1659282158
MeshFilter:
  m_ObjectHideFlags: 0
  m_PrefabParentObject: {fileID: 0}
  m_PrefabInternal: {fileID: 0}
  m_GameObject: {fileID: 1659282155}
  m_Mesh: {fileID: 10208, guid: 0000000000000000e000000000000000, type: 0}
--- !u!4 &1659282159
Transform:
  m_ObjectHideFlags: 0
  m_PrefabParentObject: {fileID: 0}
  m_PrefabInternal: {fileID: 0}
  m_GameObject: {fileID: 1659282155}
  m_LocalRotation: {x: 0, y: 0, z: 0, w: 1}
  m_LocalPosition: {x: 0, y: 1, z: 0}
  m_LocalScale: {x: 1, y: 40, z: 1}
  m_LocalEulerAnglesHint: {x: 0, y: 0, z: 0}
  m_Children: []
  m_Father: {fileID: 0}
  m_RootOrder: 2
--- !u!1001 &1674088449
Prefab:
  m_ObjectHideFlags: 0
  serializedVersion: 2
  m_Modification:
    m_TransformParent: {fileID: 783219431}
    m_Modifications:
    - target: {fileID: 4000011027855186, guid: 86fdb718b88df2f4b883008dec91249e, type: 2}
      propertyPath: m_LocalPosition.x
      value: -1.4292078
      objectReference: {fileID: 0}
    - target: {fileID: 4000011027855186, guid: 86fdb718b88df2f4b883008dec91249e, type: 2}
      propertyPath: m_LocalPosition.y
      value: 0.07227723
      objectReference: {fileID: 0}
    - target: {fileID: 4000011027855186, guid: 86fdb718b88df2f4b883008dec91249e, type: 2}
      propertyPath: m_LocalPosition.z
      value: -0.54504967
      objectReference: {fileID: 0}
    - target: {fileID: 4000011027855186, guid: 86fdb718b88df2f4b883008dec91249e, type: 2}
      propertyPath: m_LocalRotation.x
      value: -0
      objectReference: {fileID: 0}
    - target: {fileID: 4000011027855186, guid: 86fdb718b88df2f4b883008dec91249e, type: 2}
      propertyPath: m_LocalRotation.y
      value: -0
      objectReference: {fileID: 0}
    - target: {fileID: 4000011027855186, guid: 86fdb718b88df2f4b883008dec91249e, type: 2}
      propertyPath: m_LocalRotation.z
      value: -0
      objectReference: {fileID: 0}
    - target: {fileID: 4000011027855186, guid: 86fdb718b88df2f4b883008dec91249e, type: 2}
      propertyPath: m_LocalRotation.w
      value: 1
      objectReference: {fileID: 0}
    - target: {fileID: 4000011027855186, guid: 86fdb718b88df2f4b883008dec91249e, type: 2}
      propertyPath: m_RootOrder
      value: 0
      objectReference: {fileID: 0}
    - target: {fileID: 4000011027855186, guid: 86fdb718b88df2f4b883008dec91249e, type: 2}
      propertyPath: m_LocalScale.x
      value: 0.12376238
      objectReference: {fileID: 0}
    - target: {fileID: 4000011027855186, guid: 86fdb718b88df2f4b883008dec91249e, type: 2}
      propertyPath: m_LocalScale.y
      value: 0.12376238
      objectReference: {fileID: 0}
    - target: {fileID: 4000011027855186, guid: 86fdb718b88df2f4b883008dec91249e, type: 2}
      propertyPath: m_LocalScale.z
      value: 0.12376238
      objectReference: {fileID: 0}
    m_RemovedComponents: []
  m_ParentPrefab: {fileID: 100100000, guid: 86fdb718b88df2f4b883008dec91249e, type: 2}
  m_IsPrefabParent: 0
--- !u!1 &1703325673
GameObject:
  m_ObjectHideFlags: 0
  m_PrefabParentObject: {fileID: 0}
  m_PrefabInternal: {fileID: 0}
  serializedVersion: 4
  m_Component:
  - 4: {fileID: 1703325675}
  - 108: {fileID: 1703325674}
  m_Layer: 0
  m_Name: Directional Light
  m_TagString: Untagged
  m_Icon: {fileID: 0}
  m_NavMeshLayer: 0
  m_StaticEditorFlags: 0
  m_IsActive: 1
--- !u!108 &1703325674
Light:
  m_ObjectHideFlags: 0
  m_PrefabParentObject: {fileID: 0}
  m_PrefabInternal: {fileID: 0}
  m_GameObject: {fileID: 1703325673}
  m_Enabled: 1
  serializedVersion: 7
  m_Type: 1
  m_Color: {r: 1, g: 0.95686275, b: 0.8392157, a: 1}
  m_Intensity: 1
  m_Range: 10
  m_SpotAngle: 30
  m_CookieSize: 10
  m_Shadows:
    m_Type: 2
    m_Resolution: -1
    m_CustomResolution: -1
    m_Strength: 1
    m_Bias: 0.05
    m_NormalBias: 0.4
    m_NearPlane: 0.2
  m_Cookie: {fileID: 0}
  m_DrawHalo: 0
  m_Flare: {fileID: 0}
  m_RenderMode: 0
  m_CullingMask:
    serializedVersion: 2
    m_Bits: 4294967295
  m_Lightmapping: 4
  m_AreaSize: {x: 1, y: 1}
  m_BounceIntensity: 1
  m_ShadowRadius: 0
  m_ShadowAngle: 0
--- !u!4 &1703325675
Transform:
  m_ObjectHideFlags: 0
  m_PrefabParentObject: {fileID: 0}
  m_PrefabInternal: {fileID: 0}
  m_GameObject: {fileID: 1703325673}
  m_LocalRotation: {x: 0.40821788, y: -0.23456968, z: 0.10938163, w: 0.8754261}
  m_LocalPosition: {x: 2.43, y: 8.79, z: -4.21}
  m_LocalScale: {x: 1, y: 1, z: 1}
  m_LocalEulerAnglesHint: {x: 0, y: 0, z: 0}
  m_Children: []
  m_Father: {fileID: 0}
  m_RootOrder: 0
--- !u!1001 &1863110908
Prefab:
  m_ObjectHideFlags: 0
  serializedVersion: 2
  m_Modification:
    m_TransformParent: {fileID: 736180173}
    m_Modifications:
    - target: {fileID: 4000013724130276, guid: 272b6b9c3535a534ba02aa06d2f96a30, type: 2}
      propertyPath: m_LocalPosition.x
      value: 0
      objectReference: {fileID: 0}
    - target: {fileID: 4000013724130276, guid: 272b6b9c3535a534ba02aa06d2f96a30, type: 2}
      propertyPath: m_LocalPosition.y
      value: 0
      objectReference: {fileID: 0}
    - target: {fileID: 4000013724130276, guid: 272b6b9c3535a534ba02aa06d2f96a30, type: 2}
      propertyPath: m_LocalPosition.z
      value: 1
      objectReference: {fileID: 0}
    - target: {fileID: 4000013724130276, guid: 272b6b9c3535a534ba02aa06d2f96a30, type: 2}
      propertyPath: m_LocalRotation.x
      value: -0
      objectReference: {fileID: 0}
    - target: {fileID: 4000013724130276, guid: 272b6b9c3535a534ba02aa06d2f96a30, type: 2}
      propertyPath: m_LocalRotation.y
      value: -0
      objectReference: {fileID: 0}
    - target: {fileID: 4000013724130276, guid: 272b6b9c3535a534ba02aa06d2f96a30, type: 2}
      propertyPath: m_LocalRotation.z
      value: -0
      objectReference: {fileID: 0}
    - target: {fileID: 4000013724130276, guid: 272b6b9c3535a534ba02aa06d2f96a30, type: 2}
      propertyPath: m_LocalRotation.w
      value: 1
      objectReference: {fileID: 0}
    - target: {fileID: 4000013724130276, guid: 272b6b9c3535a534ba02aa06d2f96a30, type: 2}
      propertyPath: m_RootOrder
      value: 5
      objectReference: {fileID: 0}
    - target: {fileID: 4000013724130276, guid: 272b6b9c3535a534ba02aa06d2f96a30, type: 2}
      propertyPath: m_LocalScale.x
      value: 0.03333333
      objectReference: {fileID: 0}
    - target: {fileID: 4000013724130276, guid: 272b6b9c3535a534ba02aa06d2f96a30, type: 2}
      propertyPath: m_LocalScale.y
      value: 0.03333333
      objectReference: {fileID: 0}
    - target: {fileID: 4000013724130276, guid: 272b6b9c3535a534ba02aa06d2f96a30, type: 2}
      propertyPath: m_LocalScale.z
      value: 0.03333333
      objectReference: {fileID: 0}
    m_RemovedComponents: []
  m_ParentPrefab: {fileID: 100100000, guid: 272b6b9c3535a534ba02aa06d2f96a30, type: 2}
  m_IsPrefabParent: 0
--- !u!1001 &1886102349
Prefab:
  m_ObjectHideFlags: 0
  serializedVersion: 2
  m_Modification:
    m_TransformParent: {fileID: 0}
    m_Modifications:
    - target: {fileID: 4000014080097298, guid: b705c17c00e66644fbc7510468121803, type: 2}
      propertyPath: m_LocalPosition.x
      value: 0
      objectReference: {fileID: 0}
    - target: {fileID: 4000014080097298, guid: b705c17c00e66644fbc7510468121803, type: 2}
      propertyPath: m_LocalPosition.y
      value: 0
      objectReference: {fileID: 0}
    - target: {fileID: 4000014080097298, guid: b705c17c00e66644fbc7510468121803, type: 2}
      propertyPath: m_LocalPosition.z
      value: 0
      objectReference: {fileID: 0}
    - target: {fileID: 4000014080097298, guid: b705c17c00e66644fbc7510468121803, type: 2}
      propertyPath: m_LocalRotation.x
      value: 0
      objectReference: {fileID: 0}
    - target: {fileID: 4000014080097298, guid: b705c17c00e66644fbc7510468121803, type: 2}
      propertyPath: m_LocalRotation.y
      value: 0
      objectReference: {fileID: 0}
    - target: {fileID: 4000014080097298, guid: b705c17c00e66644fbc7510468121803, type: 2}
      propertyPath: m_LocalRotation.z
      value: -0.14780933
      objectReference: {fileID: 0}
    - target: {fileID: 4000014080097298, guid: b705c17c00e66644fbc7510468121803, type: 2}
      propertyPath: m_LocalRotation.w
      value: 0.9890159
      objectReference: {fileID: 0}
    - target: {fileID: 4000014080097298, guid: b705c17c00e66644fbc7510468121803, type: 2}
      propertyPath: m_RootOrder
      value: 4
      objectReference: {fileID: 0}
    m_RemovedComponents: []
  m_ParentPrefab: {fileID: 100100000, guid: b705c17c00e66644fbc7510468121803, type: 2}
  m_IsPrefabParent: 0
--- !u!1001 &1957309141
Prefab:
  m_ObjectHideFlags: 0
  serializedVersion: 2
  m_Modification:
    m_TransformParent: {fileID: 1331262625}
    m_Modifications:
    - target: {fileID: 4000010382664624, guid: 6fa12410889f4294ca8691d45abf5c72, type: 2}
      propertyPath: m_LocalPosition.x
      value: 0
      objectReference: {fileID: 0}
    - target: {fileID: 4000010382664624, guid: 6fa12410889f4294ca8691d45abf5c72, type: 2}
      propertyPath: m_LocalPosition.y
      value: -0.035746202
      objectReference: {fileID: 0}
    - target: {fileID: 4000010382664624, guid: 6fa12410889f4294ca8691d45abf5c72, type: 2}
      propertyPath: m_LocalPosition.z
      value: -0.7562107
      objectReference: {fileID: 0}
    - target: {fileID: 4000010382664624, guid: 6fa12410889f4294ca8691d45abf5c72, type: 2}
      propertyPath: m_LocalRotation.x
      value: -0
      objectReference: {fileID: 0}
    - target: {fileID: 4000010382664624, guid: 6fa12410889f4294ca8691d45abf5c72, type: 2}
      propertyPath: m_LocalRotation.y
      value: -0
      objectReference: {fileID: 0}
    - target: {fileID: 4000010382664624, guid: 6fa12410889f4294ca8691d45abf5c72, type: 2}
      propertyPath: m_LocalRotation.z
      value: -0
      objectReference: {fileID: 0}
    - target: {fileID: 4000010382664624, guid: 6fa12410889f4294ca8691d45abf5c72, type: 2}
      propertyPath: m_LocalRotation.w
      value: 1
      objectReference: {fileID: 0}
    - target: {fileID: 4000010382664624, guid: 6fa12410889f4294ca8691d45abf5c72, type: 2}
      propertyPath: m_RootOrder
      value: 2
      objectReference: {fileID: 0}
    - target: {fileID: 4000010382664624, guid: 6fa12410889f4294ca8691d45abf5c72, type: 2}
      propertyPath: m_LocalScale.x
      value: 0.021447722
      objectReference: {fileID: 0}
    - target: {fileID: 4000010382664624, guid: 6fa12410889f4294ca8691d45abf5c72, type: 2}
      propertyPath: m_LocalScale.y
      value: 0.021447722
      objectReference: {fileID: 0}
    - target: {fileID: 4000010382664624, guid: 6fa12410889f4294ca8691d45abf5c72, type: 2}
      propertyPath: m_LocalScale.z
      value: 0.021447722
      objectReference: {fileID: 0}
    m_RemovedComponents: []
  m_ParentPrefab: {fileID: 100100000, guid: 6fa12410889f4294ca8691d45abf5c72, type: 2}
  m_IsPrefabParent: 0
--- !u!1001 &1969031250
Prefab:
  m_ObjectHideFlags: 0
  serializedVersion: 2
  m_Modification:
    m_TransformParent: {fileID: 637343452}
    m_Modifications:
    - target: {fileID: 4000014006331012, guid: d1cab9ee7387d684ea241333c904f0d4, type: 2}
      propertyPath: m_LocalPosition.x
      value: -15.455107
      objectReference: {fileID: 0}
    - target: {fileID: 4000014006331012, guid: d1cab9ee7387d684ea241333c904f0d4, type: 2}
      propertyPath: m_LocalPosition.y
      value: 1.4789362
      objectReference: {fileID: 0}
    - target: {fileID: 4000014006331012, guid: d1cab9ee7387d684ea241333c904f0d4, type: 2}
      propertyPath: m_LocalPosition.z
      value: 140.96893
      objectReference: {fileID: 0}
    - target: {fileID: 4000014006331012, guid: d1cab9ee7387d684ea241333c904f0d4, type: 2}
      propertyPath: m_LocalRotation.x
      value: -0
      objectReference: {fileID: 0}
    - target: {fileID: 4000014006331012, guid: d1cab9ee7387d684ea241333c904f0d4, type: 2}
      propertyPath: m_LocalRotation.y
      value: -0
      objectReference: {fileID: 0}
    - target: {fileID: 4000014006331012, guid: d1cab9ee7387d684ea241333c904f0d4, type: 2}
      propertyPath: m_LocalRotation.z
      value: -0
      objectReference: {fileID: 0}
    - target: {fileID: 4000014006331012, guid: d1cab9ee7387d684ea241333c904f0d4, type: 2}
      propertyPath: m_LocalRotation.w
      value: 1
      objectReference: {fileID: 0}
    - target: {fileID: 4000014006331012, guid: d1cab9ee7387d684ea241333c904f0d4, type: 2}
      propertyPath: m_RootOrder
      value: 0
      objectReference: {fileID: 0}
    - target: {fileID: 4000014006331012, guid: d1cab9ee7387d684ea241333c904f0d4, type: 2}
      propertyPath: m_LocalScale.x
      value: 0.8510638
      objectReference: {fileID: 0}
    - target: {fileID: 4000014006331012, guid: d1cab9ee7387d684ea241333c904f0d4, type: 2}
      propertyPath: m_LocalScale.y
      value: 0.8510638
      objectReference: {fileID: 0}
    - target: {fileID: 4000014006331012, guid: d1cab9ee7387d684ea241333c904f0d4, type: 2}
      propertyPath: m_LocalScale.z
      value: 0.8510638
      objectReference: {fileID: 0}
    m_RemovedComponents: []
  m_ParentPrefab: {fileID: 100100000, guid: d1cab9ee7387d684ea241333c904f0d4, type: 2}
  m_IsPrefabParent: 0
--- !u!1 &1988084003
GameObject:
  m_ObjectHideFlags: 0
  m_PrefabParentObject: {fileID: 0}
  m_PrefabInternal: {fileID: 0}
  serializedVersion: 4
  m_Component:
  - 4: {fileID: 1988084007}
  - 33: {fileID: 1988084006}
  - 64: {fileID: 1988084005}
  - 23: {fileID: 1988084004}
  m_Layer: 0
  m_Name: PlaneForScaleTesting
  m_TagString: Untagged
  m_Icon: {fileID: 0}
  m_NavMeshLayer: 0
  m_StaticEditorFlags: 0
  m_IsActive: 0
--- !u!23 &1988084004
MeshRenderer:
  m_ObjectHideFlags: 0
  m_PrefabParentObject: {fileID: 0}
  m_PrefabInternal: {fileID: 0}
  m_GameObject: {fileID: 1988084003}
  m_Enabled: 1
  m_CastShadows: 1
  m_ReceiveShadows: 1
  m_MotionVectors: 1
  m_LightProbeUsage: 1
  m_ReflectionProbeUsage: 1
  m_Materials:
  - {fileID: 10303, guid: 0000000000000000f000000000000000, type: 0}
  m_SubsetIndices: 
  m_StaticBatchRoot: {fileID: 0}
  m_ProbeAnchor: {fileID: 0}
  m_LightProbeVolumeOverride: {fileID: 0}
  m_ScaleInLightmap: 1
  m_PreserveUVs: 1
  m_IgnoreNormalsForChartDetection: 0
  m_ImportantGI: 0
  m_SelectedWireframeHidden: 0
  m_MinimumChartSize: 4
  m_AutoUVMaxDistance: 0.5
  m_AutoUVMaxAngle: 89
  m_LightmapParameters: {fileID: 0}
  m_SortingLayerID: 0
  m_SortingOrder: 0
--- !u!64 &1988084005
MeshCollider:
  m_ObjectHideFlags: 0
  m_PrefabParentObject: {fileID: 0}
  m_PrefabInternal: {fileID: 0}
  m_GameObject: {fileID: 1988084003}
  m_Material: {fileID: 0}
  m_IsTrigger: 0
  m_Enabled: 1
  serializedVersion: 2
  m_Convex: 0
  m_Mesh: {fileID: 10209, guid: 0000000000000000e000000000000000, type: 0}
--- !u!33 &1988084006
MeshFilter:
  m_ObjectHideFlags: 0
  m_PrefabParentObject: {fileID: 0}
  m_PrefabInternal: {fileID: 0}
  m_GameObject: {fileID: 1988084003}
  m_Mesh: {fileID: 10209, guid: 0000000000000000e000000000000000, type: 0}
--- !u!4 &1988084007
Transform:
  m_ObjectHideFlags: 0
  m_PrefabParentObject: {fileID: 0}
  m_PrefabInternal: {fileID: 0}
  m_GameObject: {fileID: 1988084003}
  m_LocalRotation: {x: 0, y: 0, z: 0, w: 1}
  m_LocalPosition: {x: 0, y: 0, z: 0}
  m_LocalScale: {x: 10000, y: 1, z: 10000}
  m_LocalEulerAnglesHint: {x: 0, y: 0, z: 0}
  m_Children: []
  m_Father: {fileID: 0}
  m_RootOrder: 1
--- !u!1001 &2018580604
Prefab:
  m_ObjectHideFlags: 0
  serializedVersion: 2
  m_Modification:
    m_TransformParent: {fileID: 736180173}
    m_Modifications:
    - target: {fileID: 4000011774026300, guid: 018aa097e7fb93241833a97f936e89a0, type: 2}
      propertyPath: m_LocalPosition.x
      value: 0
      objectReference: {fileID: 0}
    - target: {fileID: 4000011774026300, guid: 018aa097e7fb93241833a97f936e89a0, type: 2}
      propertyPath: m_LocalPosition.y
      value: 0
      objectReference: {fileID: 0}
    - target: {fileID: 4000011774026300, guid: 018aa097e7fb93241833a97f936e89a0, type: 2}
      propertyPath: m_LocalPosition.z
      value: 0.73333335
      objectReference: {fileID: 0}
    - target: {fileID: 4000011774026300, guid: 018aa097e7fb93241833a97f936e89a0, type: 2}
      propertyPath: m_LocalRotation.x
      value: -0
      objectReference: {fileID: 0}
    - target: {fileID: 4000011774026300, guid: 018aa097e7fb93241833a97f936e89a0, type: 2}
      propertyPath: m_LocalRotation.y
      value: -0
      objectReference: {fileID: 0}
    - target: {fileID: 4000011774026300, guid: 018aa097e7fb93241833a97f936e89a0, type: 2}
      propertyPath: m_LocalRotation.z
      value: -0
      objectReference: {fileID: 0}
    - target: {fileID: 4000011774026300, guid: 018aa097e7fb93241833a97f936e89a0, type: 2}
      propertyPath: m_LocalRotation.w
      value: 1
      objectReference: {fileID: 0}
    - target: {fileID: 4000011774026300, guid: 018aa097e7fb93241833a97f936e89a0, type: 2}
      propertyPath: m_RootOrder
      value: 6
      objectReference: {fileID: 0}
    - target: {fileID: 4000011774026300, guid: 018aa097e7fb93241833a97f936e89a0, type: 2}
      propertyPath: m_LocalScale.x
      value: 0.031666666
      objectReference: {fileID: 0}
    - target: {fileID: 4000011774026300, guid: 018aa097e7fb93241833a97f936e89a0, type: 2}
      propertyPath: m_LocalScale.y
      value: 0.031666666
      objectReference: {fileID: 0}
    - target: {fileID: 4000011774026300, guid: 018aa097e7fb93241833a97f936e89a0, type: 2}
      propertyPath: m_LocalScale.z
      value: 0.031666666
      objectReference: {fileID: 0}
    m_RemovedComponents: []
  m_ParentPrefab: {fileID: 100100000, guid: 018aa097e7fb93241833a97f936e89a0, type: 2}
  m_IsPrefabParent: 0
--- !u!1001 &2026379300
Prefab:
  m_ObjectHideFlags: 0
  serializedVersion: 2
  m_Modification:
    m_TransformParent: {fileID: 1331262625}
    m_Modifications:
    - target: {fileID: 4000012399891342, guid: 18eefef81e829e44997dfef0dad580d1, type: 2}
      propertyPath: m_LocalPosition.x
      value: 0.684361
      objectReference: {fileID: 0}
    - target: {fileID: 4000012399891342, guid: 18eefef81e829e44997dfef0dad580d1, type: 2}
      propertyPath: m_LocalPosition.y
      value: 0.035746202
      objectReference: {fileID: 0}
    - target: {fileID: 4000012399891342, guid: 18eefef81e829e44997dfef0dad580d1, type: 2}
      propertyPath: m_LocalPosition.z
      value: -0.18900041
      objectReference: {fileID: 0}
    - target: {fileID: 4000012399891342, guid: 18eefef81e829e44997dfef0dad580d1, type: 2}
      propertyPath: m_LocalRotation.x
      value: -0
      objectReference: {fileID: 0}
    - target: {fileID: 4000012399891342, guid: 18eefef81e829e44997dfef0dad580d1, type: 2}
      propertyPath: m_LocalRotation.y
      value: -0
      objectReference: {fileID: 0}
    - target: {fileID: 4000012399891342, guid: 18eefef81e829e44997dfef0dad580d1, type: 2}
      propertyPath: m_LocalRotation.z
      value: -0
      objectReference: {fileID: 0}
    - target: {fileID: 4000012399891342, guid: 18eefef81e829e44997dfef0dad580d1, type: 2}
      propertyPath: m_LocalRotation.w
      value: 1
      objectReference: {fileID: 0}
    - target: {fileID: 4000012399891342, guid: 18eefef81e829e44997dfef0dad580d1, type: 2}
      propertyPath: m_RootOrder
      value: 1
      objectReference: {fileID: 0}
    - target: {fileID: 4000012399891342, guid: 18eefef81e829e44997dfef0dad580d1, type: 2}
      propertyPath: m_LocalScale.x
      value: 0.025022341
      objectReference: {fileID: 0}
    - target: {fileID: 4000012399891342, guid: 18eefef81e829e44997dfef0dad580d1, type: 2}
      propertyPath: m_LocalScale.y
      value: 0.025022341
      objectReference: {fileID: 0}
    - target: {fileID: 4000012399891342, guid: 18eefef81e829e44997dfef0dad580d1, type: 2}
      propertyPath: m_LocalScale.z
      value: 0.025022341
      objectReference: {fileID: 0}
    m_RemovedComponents: []
  m_ParentPrefab: {fileID: 100100000, guid: 18eefef81e829e44997dfef0dad580d1, type: 2}
  m_IsPrefabParent: 0
--- !u!4 &2081488970 stripped
Transform:
  m_PrefabParentObject: {fileID: 4000012063657360, guid: b91929c470943534d95c756358a97ea7,
    type: 2}
  m_PrefabInternal: {fileID: 972751894}
--- !u!1001 &2108198572
Prefab:
  m_ObjectHideFlags: 0
  serializedVersion: 2
  m_Modification:
    m_TransformParent: {fileID: 736180173}
    m_Modifications:
    - target: {fileID: 4000010401556076, guid: 2f6333dc0e1604f4bab23ba216bc34f7, type: 2}
      propertyPath: m_LocalPosition.x
      value: 0
      objectReference: {fileID: 0}
    - target: {fileID: 4000010401556076, guid: 2f6333dc0e1604f4bab23ba216bc34f7, type: 2}
      propertyPath: m_LocalPosition.y
      value: 0
      objectReference: {fileID: 0}
    - target: {fileID: 4000010401556076, guid: 2f6333dc0e1604f4bab23ba216bc34f7, type: 2}
      propertyPath: m_LocalPosition.z
      value: 0.8666667
      objectReference: {fileID: 0}
    - target: {fileID: 4000010401556076, guid: 2f6333dc0e1604f4bab23ba216bc34f7, type: 2}
      propertyPath: m_LocalRotation.x
      value: -0
      objectReference: {fileID: 0}
    - target: {fileID: 4000010401556076, guid: 2f6333dc0e1604f4bab23ba216bc34f7, type: 2}
      propertyPath: m_LocalRotation.y
      value: -0
      objectReference: {fileID: 0}
    - target: {fileID: 4000010401556076, guid: 2f6333dc0e1604f4bab23ba216bc34f7, type: 2}
      propertyPath: m_LocalRotation.z
      value: -0
      objectReference: {fileID: 0}
    - target: {fileID: 4000010401556076, guid: 2f6333dc0e1604f4bab23ba216bc34f7, type: 2}
      propertyPath: m_LocalRotation.w
      value: 1
      objectReference: {fileID: 0}
    - target: {fileID: 4000010401556076, guid: 2f6333dc0e1604f4bab23ba216bc34f7, type: 2}
      propertyPath: m_RootOrder
      value: 4
      objectReference: {fileID: 0}
    - target: {fileID: 4000010401556076, guid: 2f6333dc0e1604f4bab23ba216bc34f7, type: 2}
      propertyPath: m_LocalScale.x
      value: 0.01766667
      objectReference: {fileID: 0}
    - target: {fileID: 4000010401556076, guid: 2f6333dc0e1604f4bab23ba216bc34f7, type: 2}
      propertyPath: m_LocalScale.y
      value: 0.01766667
      objectReference: {fileID: 0}
    - target: {fileID: 4000010401556076, guid: 2f6333dc0e1604f4bab23ba216bc34f7, type: 2}
      propertyPath: m_LocalScale.z
      value: 0.01766667
      objectReference: {fileID: 0}
    m_RemovedComponents: []
  m_ParentPrefab: {fileID: 100100000, guid: 2f6333dc0e1604f4bab23ba216bc34f7, type: 2}
  m_IsPrefabParent: 0
